3036 5234
488 325 531 378 θλ.
569 322 816 376 mmm
834 322 864 374 X

118 473 179 561 οάχ
201 473 275 566 ὁσίη
298 474 510 561 κταμένοισιν
531 473 589 545 ἐπ’
611 473 769 566 ἀνδράσιν
791 471 1024 559 εὐχετάασθαι.

116 577 238 649 τούσδε
261 576 298 644 δέ
319 574 412 665 μοῖρ’
432 577 601 664 ἐδάμασσε
621 579 713 646 θεῶν
733 577 791 644 καί
813 575 946 660 σχέτλια
965 576 1077 667 τέραα·

120 675 161 748 οῗί
181 705 256 746 τινα
276 680 340 767 τδρ
361 679 493 748 τίεσκον
515 677 722 762 ἐπιχθονίων
743 675 946 769 ἀνθρώπων,

75 778 159 850 αεοά
179 779 293 862 κακόν,
317 779 395 849 οάδέ
416 782 480 866 μέν
496 782 633 864 έσθλόν,
658 779 728 860 άτις
749 780 853 869 σφέας
875 777 1100 871 εἰσαφίκοιτο·
1203 793 1207 802 ’

117 887 169 972 τῷ
190 882 249 950 καὶ
272 879 520 973 ἀτασθαλίῃσιν
541 881 677 952 ἀτεικέα
698 883 828 968 πότμον
849 881 1006 951 ἐπέσπον.

120 982 195 1052 ἀλλ’
217 981 277 1052 ἀτε
297 1011 357 1070 μοι
380 986 419 1053 σδ
440 990 596 1066 τυναῖκας
617 984 674 1053 ένδ
688 985 847 1071 μενάροις
868 984 1060 1067 κατάλεξον,

121 1089 161 1154 αί
179 1085 217 1154 τέ
236 1084 272 1173 μ’
296 1083 495 1171 ἀτιμάζουσι
516 1088 574 1154 καὶ
597 1083 637 1155 αἳ
655 1084 835 1177 νηλείτιδες
857 1083 965 1154 εἶσίν.”
1027 1100 1030 1107 ‘

164 1189 222 1256 τὸν
244 1186 275 1255 δ’
299 1183 376 1256 αὖτε
397 1191 603 1278 προσέτειπε
625 1186 706 1278 φίλη
729 1188 854 1277 τροφδς
874 1185 1057 1277 Εὐρύκλεια

75 1285 261 1379 ρι”τοινάρ
283 1289 349 1357 ἔνιά
370 1315 440 1371 τοι,
461 1290 585 1374 τέκνον,
609 1285 771 1380 ἀληθείην
791 1289 932 1371 καταλέξ
960 1341 966 1356 .

121 1391 324 1481 πεντήκοντά
345 1390 401 1459 τοί
423 1390 507 1460 εἰσιν
529 1392 578 1460 ἐνί
598 1390 775 1480 μετάρσιοι
796 1397 945 1470 νυναῖκες
995 1431 998 1438 ·

123 1491 248 1577 δμωαί,
270 1493 331 1572 τὰς
352 1493 410 1577 μέν
430 1490 460 1576 τ’
482 1491 562 1581 έρνα
585 1492 766 1578 διδάξαμεν
786 1492 1002 1581 έρνάζεσθαι,

37 1621 40 1626 ·
121 1593 232 1681 τείριά
253 1620 290 1662 τε
311 1594 433 1676 ξαίνειν
454 1596 512 1663 καί
536 1592 734 1684 δουλοσύνην
755 1591 943 1679 ἀνέχεσθαι.

122 1693 213 1763 τάων
235 1695 366 1763 δώδεκα
387 1699 498 1765 πᾶσαι
521 1693 691 1786 ἀναιδείης
713 1695 894 1786 ἐπέβησαν,

75 1827 111 1867 σε
124 1794 191 1864 οὔτ’
214 1797 273 1882 ἐμέ
293 1796 426 1864 τίουσαι
449 1794 517 1865 οὔτ’
542 1795 641 1888 αὐτήν
662 1797 900 1888 Πηνελόπειαν.

129 1897 317 1988 Τηλέμαχος
339 1900 376 1966 δὲ
397 1899 468 1968 νέον
488 1899 548 1984 μὲν
570 1897 697 1982 ἀέξετο,
709 1896 800 1970 ὀὐδέ
818 1923 857 1965 τε
877 1898 983 1988 μήτηρ

125 1997 298 2090 σημαίνειν
318 1997 450 2069 εἴασκεν
470 2000 530 2069 ἐπὶ
553 2005 683 2092 δμωῇσι
706 1997 862 2082 νυναιξίν.

126 2098 197 2169 ἀλλ’
223 2098 278 2169 ἀν’
300 2102 382 2171 έτών
402 2099 545 2188 ἀναβάσ’
565 2101 716 2192 δπεριόια
737 2103 931 2172 οιναλόεντα
997 2147 1002 2156 ·

125 2201 234 2271 νείπω
257 2207 298 2295 σῇ
319 2201 443 2293 ἀλόχῳ,
466 2206 507 2294 τῇ
527 2229 581 2284 τις
601 2206 684 2284 θεὸς
704 2204 808 2272 ίίπνον
829 2201 1004 2291 έπῶρσεν.”

75 2345 113 2386 uo
167 2307 228 2396 τήν
250 2303 281 2372 δ’
305 2303 575 2391 ἀπαμειβόμενος
596 2306 750 2397 προσέφη
773 2305 958 2396 πολύμητις
969 2303 1156 2385 ’Ὀδυσσεύς

122 2402 194 2496 “μή
218 2429 273 2473 πω
294 2406 354 2497 τήν
373 2403 406 2472 τ’
428 2406 593 2495 έπένειρε·
618 2408 656 2474 σι)
680 2403 714 2474 δ’
737 2406 861 2476 ε’νθάδε
881 2406 980 2474 νειπέ
999 2407 1149 2488 νυναιξίν

128 2508 251 2590 ἐλθεῖν,
276 2510 315 2575 αἵ
334 2532 397 2596 περ
419 2507 572 2594 πρόσθεν
593 2505 729 2577 ἀνεικέα
749 2506 985 2599 μηχανόωντο.”
1073 2551 1075 2556 -

170 2601 215 2689 ὦς
237 2605 289 2699 ἀρ’
312 2607 390 2699 ἔφη,
411 2611 512 2699 τρῆος
534 2608 572 2677 δὲ
595 2611 668 2677 διὲκ
689 2609 851 2699 μενάροιο
872 2609 1027 2699 βεβήκειν

129 2707 328 2779 ἀντελέουσα
347 2712 477 2792 τυναιξί
499 2711 557 2778 καὶ
580 2707 780 2800 ὀτρυνέουσα
801 2711 948 2780 νέεσθαι.

76 2843 115 2885 ωε
130 2810 232 2897 αέτάρ
256 2808 277 2879 δ’
302 2813 488 2902 Τηλέμαχον
508 2812 567 2879 καὶ
589 2812 750 2898 βουκόλον
770 2811 831 2903 ήδέ
853 2813 1003 2903 συβώτην

129 2914 164 2994 ές
182 2913 222 2981 νδ
243 2915 484 3000 καλεσσάμενος
503 2915 611 2982 νέπεα
628 2915 814 3003 πτερόεντα
836 2917 1018 3006 προσηύδα.

124 3011 265 3106 ζ’άρχετε
285 3017 339 3083 νῦν
359 3015 474 3095 νέκυας
495 3016 639 3107 φορέειν,
661 3021 720 3084 καὶ
742 3014 875 3102 ἀνωχθε
894 3022 1063 3098 νυναῖκας·

132 3116 235 3209 αέτάρ
257 3117 375 3188 ἔπειτα
397 3119 540 3209 θρόνους
561 3119 781 3209 περικαλλέας
802 3116 864 3209 η’δέ
884 3119 1051 3209 τραπέζας

130 3220 229 3290 ὕδατι
251 3220 309 3288 καί
330 3220 513 3290 σπάνι-οισι
535 3220 770 3310 πολυτρήτοισι
790 3219 977 3310 καθαίρειν.

75 3354 118 3394 ιεσ
133 3321 234 3410 αάτάρ
256 3321 342 3411 ἐπήν
363 3323 403 3411 δή
418 3321 537 3389 ,πάντα
560 3323 661 3408 δόμον
681 3322 998 3412 κατακοσμήσησθε,

132 3424 245 3509 δμωάς
266 3423 477 3506 έξατατόντες
498 3424 682 3503 ἐυσταθέος
702 3423 875 3511 μετάρσιο,

131 3524 293 3616 μεσσηνός
313 3552 350 3593 τε
369 3526 476 3594 θόλου
497 3527 556 3594 καὶ
579 3523 746 3612 ἀμύμονος
768 3525 880 3614 ἕρκεος
902 3522 1014 3615 αὐλῆς,

131 3627 320 3714 θεινέμεναι
343 3626 475 3718 ξίφεσιν
495 3627 703 3717 τανυήκεσιν,
728 3625 775 3707 εἰς
797 3626 817 3694 δ’
839 3652 878 3694 κε
898 3627 1033 3696 πασέων

131 3731 241 3817 ψυχάς
263 3726 485 3820 ἐξαφέλησθε,
507 3731 566 3797 καὶ
586 3726 816 3797 ἐκλελάθωντ’
839 3727 1052 3820 Ἀφροδίτης,
1145 3751 1146 3760 ’

75 3859 117 3899 με
131 3831 188 3919 τήν
209 3827 263 3920 ἀρ’
285 3829 355 3900 ὑπὸ
375 3834 575 3923 μνηστῆρσιν
597 3829 683 3916 ἔχον,
706 3830 864 3916 μίστονιό
885 3857 923 3898 τε
942 3827 1080 3920 λάθρη.”

174 3922 219 4013 ὧς
240 3929 357 4024 ἔφαθ’,
381 3929 419 4000 αἳ
437 3932 475 4001 δέ
495 3940 646 4013 νυναῖκες
668 3929 799 4012 ἀολλέες
819 3929 925 4022 ἦλθον
947 3931 1093 4011 ἅπασαι,

134 4031 199 4102 αἴν’
221 4031 476 4124 ὀλοφυρόμεναι,
500 4036 644 4124 θαλερὸν
666 4036 750 4102 κατά
773 4033 874 4122 δάκρυ
895 4033 1041 4116 χέουσαι.

133 4138 248 4224 πρῶτα
269 4135 330 4220 μὲν
351 4131 408 4204 οὖν
428 4136 543 4217 νέκυας
564 4137 685 4226 φόρεον
705 4138 994 4225 κατατεθνηῶτας,

133 4237 197 4304 κὰδ
219 4235 250 4305 δ’
274 4234 327 4328 ἀρ’
351 4235 413 4304 ὑπ’
436 4237 582 4330 αίθοδση
605 4236 746 4306 τίθεσαν
766 4237 913 4326 ἐυερκέος
935 4233 1047 4325 αὐλῆς,

72 4371 118 4411 450
133 4332 325 4427 ἀλλήλοισιν
346 4337 544 4428 ἐρείδουσαι.
589 4339 729 4430 σήμαινε
751 4335 783 4406 δ’
802 4335 976 4420 Ὀδυσσεύς

138 4435 236 4519 αάτδς
256 4440 486 4532 ἐπισπέρχων·
508 4442 566 4508 ταὶ
588 4438 617 4508 δ’
641 4440 798 4530 ἐκφόρεον
819 4443 877 4508 καὶ
900 4437 1035 4532 ἀνάτκη.
