3014 5236
266 305 329 370 136
635 304 676 352 10.
714 299 962 354 ΟΔΨΣΣΕΙΔΣ
979 303 1004 352 K

263 455 420 547 ἐξαπίνης
441 453 609 542 ἀνόρουσε,
632 454 690 523 καὶ
712 454 874 522 ἐκλάθετο
895 455 996 545 φρεσὶ
1016 458 1114 545 εῇσιν

263 555 411 650 ἐίψορρον
432 557 615 644 καταβῆναι
637 552 696 623 ίοῖν
717 555 751 635 ἐς
771 551 916 640 κλίμακα
937 553 1078 645 μακρήν,

263 658 344 729 ἀλλὰ
365 658 579 747 καταντικρδς
599 656 709 737 τέκεος
731 656 847 725 πέσεν·
869 655 907 724 ἐκ
929 659 967 726 δέ
986 682 1041 725 τοι
1064 655 1163 748 αὐχήν

210 791 250 834 τευ
264 760 476 852 άστρατάλων
497 759 612 850 ἐτάκη,
635 760 724 850 ψυχή
748 755 777 825 δ’
800 755 979 826 Ἀειδόσδε
999 760 1173 849 κατῆλθεν.

303 860 511 951 ἐρχομένοισι
534 859 572 928 δέ
592 865 700 929 τοῖσιν
720 859 785 928 ἐνώ
805 859 890 944 μειοῖ
910 861 1021 944 μῦθον
1043 857 1187 950 ἐτειπον.

256 959 399 1053 αφάσθε
420 960 457 1029 υό
478 985 546 1028 που
566 959 722 1028 εοικόνδε
742 957 841 1052 φίλην
863 959 897 1040 ἐς
916 959 1067 1050 πατρίδα
1087 968 1185 1032 ταῖαν

260 1060 407 1153 ἔρχεσθ’·
431 1059 528 1152 άλληυ
551 1057 581 1128 δ’
605 1053 685 1149 ήμιυ
707 1056 786 1129 ὁδὸν
805 1059 989 1150 τεκμήρατο
1010 1060 1117 1153 Κίρκη

261 1163 309 1245 είς
331 1161 471 1232 Ἀείδαο
493 1162 615 1248 δόμους
635 1162 695 1229 καὶ
715 1161 855 1250 ἐπαινῆς
875 1161 1133 1253 Περσεφονείης,

206 1295 246 1338 εεε
260 1269 351 1357 ψυχῇ
371 1265 591 1357 χρησομένους
615 1261 766 1354 Θηβαίου
793 1261 995 1352 Τειρεσίαυ.”

303 1360 349 1448 ὧς
370 1367 515 1458 ἐφάμην,
538 1371 646 1436 τοῖσιν
668 1365 705 1434 δέ
726 1364 937 1455 κατεκλάσθη
961 1363 1058 1455 φίλον
1077 1359 1170 1458 ἦτορ,

260 1467 409 1554 ἐζόμενοι
432 1470 470 1549 δέ
491 1474 638 1535 καταῦθι
659 1467 746 1534 τόων
766 1462 915 1533 τίλλοντό
936 1491 973 1533 τε
993 1464 1123 1550 χαίτας·

263 1567 337 1637 ἀλλ’
360 1567 399 1638 οδ
419 1571 483 1661 τάρ
503 1597 557 1651 τις
579 1571 700 1659 πρῆξις
720 1568 866 1637 ἐτίτνετο
887 1568 1130 1657 μυρομένοισιν.

305 1667 378 1738 ἀλλ’
401 1670 455 1740 ὅτε
478 1671 519 1763 δή
542 1668 573 1762 ῤ’
595 1671 655 1739 ἐπὶ
677 1672 739 1761 νῆα
759 1671 847 1758 θοήν
868 1661 926 1736 καί
947 1675 1028 1737 θῖνα
1048 1670 1223 1761 θαλάσσης

207 1799 247 1842 εει
261 1769 362 1863 ᾔομεν
384 1769 567 1860 άχνόμενυι,
590 1774 734 1861 θαλερὸν
756 1772 840 1838 κατά
863 1771 966 1861 δάκρυ
988 1771 1130 1856 χέοντες,

259 1872 368 1965 τόφρα
391 1871 424 1942 δ’
447 1871 500 1965 ἐρ’
524 1873 675 1964 οἰχομένη
698 1872 805 1963 Κίρκη
828 1873 921 1961 παρὰ
942 1873 996 1962 νηῖ
1016 1872 1152 1964 μελαίνῃ

260 1973 388 2062 άρνειδν
408 1975 587 2066 κατέδησεν
608 1971 660 2044 ῖίιν
681 1973 790 2064 θήλόν
810 1998 847 2040 τε
866 1972 1037 2059 μέλαιναν,

258 2082 330 2166 ῥεῖα
351 2080 614 2166 παρεξελθοῦσα.
657 2074 709 2156 τίς
731 2071 771 2141 δῖν
792 2075 875 2142 θεόν
898 2070 956 2143 οὐκ
978 2075 1139 2144 ἐθέλοντα

259 2176 474 2270 ὀφθαλμοῖσι
494 2175 617 2246 είδοιτ’
638 2172 661 2266 ἢ
682 2173 756 2244 ἐνθ’
777 2172 799 2264 ἢ
821 2173 906 2243 ἐυθα
926 2175 1056 2258 κιόντας

201 2292 240 2353 11
302 2276 405 2366 αότάρ
427 2278 505 2348 ἐπεί
526 2276 557 2369 ῥ’
580 2277 640 2346 ἐπὶ
660 2285 724 2366 νῆα
745 2276 954 2366 κατήλθομεν
974 2275 1034 2366 ήδὲ
1055 2277 1243 2364 θάλασσαν,

257 2381 318 2470 νῆα
339 2380 399 2465 μὲν
422 2376 462 2468 άρ
485 2380 678 2467 πάμπρωτα
698 2377 899 2468 εερόσσαμεν
920 2376 968 2458 είς
989 2376 1053 2446 δίλα
1075 2381 1163 2464 δῖαν,

258 2481 292 2549 ἐν
314 2478 347 2548 δ’
370 2478 461 2550 ῖστδν
482 2481 676 2567 τιθέμεσθα
697 2480 754 2548 καὶ
777 2477 868 2547 ῖστία
888 2481 942 2570 νηὶ
962 2479 1112 2573 μελαίνη,

258 2584 292 2652 ἐν
315 2584 351 2652 δὲ
372 2585 414 2652 τά
435 2587 524 2675 μῆλα
544 2583 701 2670 λαβόντες
722 2580 897 2671 ἐβήσαμεν,
922 2576 962 2648 δῖν
983 2582 1021 2650 δέ
1042 2584 1100 2651 καί
1123 2581 1216 2653 αότοί

231 2682 413 2771 ,βαίνομεν
436 2685 622 2772 άχνόμενοι,
646 2685 789 2772 θαλερόν
810 2684 895 2750 κατά
918 2684 1019 2773 δάκρυ
1040 2685 1177 2770 χέοντες.

257 2785 335 2876 ἡμῖν
357 2785 388 2854 δ’
413 2783 454 2854 αὖ
474 2787 668 2873 μετόπισθε
689 2786 761 2866 νεὸς
782 2783 1030 2876 κυανοπρώροιο

258 2885 389 2973 ἴκμενον
413 2881 507 2977 οὖρον
529 2891 563 2976 ίη
586 2884 798 2976 πλησίστιον,
821 2885 943 2953 ἐσθλόν
964 2883 1120 2978 ἓταῖρου,·

258 2987 366 3079 Κίρκη
389 2988 614 3074 ἐυπλόκαμος,
639 2988 728 3076 δεινή
752 2987 837 3066 θεός
858 2983 1035 3077 αὐδήεσσα.

258 3086 352 3178 ἡμεῖς
375 3088 405 3158 δ’
430 3088 520 3158 όπλα
540 3087 685 3157 εέκαστα
707 3088 931 3178 πονησάμενοι
952 3094 1038 3158 κατά
1059 3095 1121 3183 νῆα

216 3226 243 3266 10
256 3191 384 3281 ἥμεθα·
406 3193 464 3284 τήν
487 3190 519 3261 δ’
541 3188 716 3278 άνεμός-τε
737 3191 933 3282 κυβερνήτης
953 3191 983 3259 τ’
1005 3191 1128 3262 ἴθυνεν.

256 3295 316 3383 τῆς
338 3295 375 3364 δὲ
396 3293 600 3385 πανημερίης
621 3289 737 3362 τέταθ’
762 3289 853 3360 ίστία
876 3296 1155 3387 ποντοπορούσης.

258 3395 376 3464 δόσετό
397 3395 428 3463 τ’
450 3393 560 3485 ήέλιος
581 3395 743 3463 σκιόωντό
764 3420 801 3462 τε
822 3396 934 3462 πᾶσαι
957 3393 1087 3481 άτυιαί,

255 3493 278 3586 ή
300 3496 332 3563 δ’
356 3494 390 3577 ἐς
410 3495 551 3587 πείραθ’
575 3500 666 3564 ίκανε
687 3495 880 3585 βαθυρρόου
900 3493 1075 3566 Ὠκεανοῖο.

257 3595 344 3665 ἔνθα
366 3597 403 3665 δέ
424 3596 618 3686 Κιμμερίων
639 3595 766 3687 α’νδραῖν
788 3598 895 3686 δημός
915 3624 951 3666 τε
972 3599 1075 3680 πόλις
1095 3627 1146 3684 τε,

215 3730 242 3772 15
254 3725 330 3788 ηερι
351 3699 408 3767 καί
430 3699 547 3790 νεφέλη
569 3699 818 3784 κεκαλυμμένοι·
843 3696 922 3768 οόδέ
942 3723 1009 3768 ποτ
1012 3697 1162 3783 ἀδτοός

254 3797 364 3890 ἠέλιος
386 3799 527 3892 φαέθων
548 3797 827 3889 καταδέρκεται’
807 3798 1005 3927 ακτίνεσσιρ,
1087 3863 1099 3871 ,

254 3899 332 3971 αὕθ’
356 3899 453 3971 ὁπότ’
477 3927 518 3969 αν
539 3900 686 3994 στείχῃσι
708 3904 795 3993 πρός
816 3900 953 3992 οὐρανὸν
976 3903 1187 3994 ἀστερόεντα,

256 3999 372 4072 οῖίθΗ
357 4002 407 4073 ότ’
431 3999 470 4070 δῖυ
491 4001 545 4095 ίῖψ
567 4004 627 4072 ἐπὶ
648 4010 747 4071 ταῖαν
769 4001 831 4071 α’π’
854 4003 1033 4095 ουραυόθεν
1055 4008 1299 4100 προτράπηται,

254 4101 370 4171 ἀλλ’
353 4130 413 4172 επι
403 4106 491 4186 νδξ
512 4104 590 4194 ὀλοή
612 4104 746 4173 τέταται
769 4106 912 4174 δειλοῖσι
933 4113 1109 4197 βροτοῖσιν.

213 4235 240 4274 ευ
253 4207 317 4294 νῆα
337 4205 398 4289 μὲν
419 4203 492 4274 ἐνθ’
514 4205 670 4286 ἐλθόντες
691 4205 877 4293 ἐκέλσαμεν,
900 4209 937 4277 ἐκ
960 4211 998 4276 δὲ
1017 4212 1061 4277 τά
1081 4213 1171 4302 μῆλα

254 4304 421 4391 εἱλόμεθ’·
446 4303 541 4374 αδτοί
564 4305 595 4374 δ’
621 4303 697 4376 αὖτε
719 4311 811 4400 παρά
834 4310 909 4401 ῥόου
926 4310 1097 4382 Ὠκεανοῖο

254 4404 369 4499 ᾔομεν,
392 4405 471 4497 όφρ’
494 4408 528 4488 ές
548 4411 652 4496 χαῖρον
675 4408 863 4502 ἀφικόμεθ’
886 4407 923 4481 ὃν
944 4413 1052 4504 φράσε
1073 4413 1193 4507 Κίρκη.
