<?xml version="1.0" encoding="UTF-8"?>
<!DOCTYPE html PUBLIC "-//W3C//DTD XHTML 1.0 Transitional//EN"
    "http://www.w3.org/TR/xhtml1/DTD/xhtml1-transitional.dtd">
<html xmlns="http://www.w3.org/1999/xhtml" xml:lang="en" lang="en">
 <head>
  <title>
</title>
<meta http-equiv="Content-Type" content="text/html;charset=utf-8" />
  <meta name='ocr-system' content='tesseract 3.04.00' />
  <meta name='ocr-capabilities' content='ocr_page ocr_carea ocr_par ocr_line ocrx_word'/>
</head>
<body>
  <div class='ocr_page' id='page_1' title='image "./carminahomerica03homegoog_0015.png"; bbox 0 0 3032 5242; ppageno 0'>
   <div class='ocr_carea' id='block_1_1' title="bbox 285 323 305 389">
    <p class='ocr_par' dir='ltr' id='par_1_1' title="bbox 285 323 305 389">
     <span class='ocr_line' id='line_1_1' title="bbox 285 323 305 389; baseline 0 0"><span class='ocrx_word' id='word_1_1' title='bbox 285 323 305 389; x_wconf 87' lang='grc'><strong>6</strong></span> 
     </span>
    </p>
   </div>
   <div class='ocr_carea' id='block_1_2' title="bbox 286 461 991 564">
    <p class='ocr_par' dir='ltr' id='par_1_2' title="bbox 286 461 991 564">
     <span class='ocr_line' id='line_1_2' title="bbox 286 461 991 564; baseline -0.019 -20"><span class='ocrx_word' id='word_1_2' title='bbox 286 483 319 544; x_wconf 91' lang='lat' dir='ltr'><strong><em>P.</em></strong></span> <span class='ocrx_word' id='word_1_3' title='bbox 383 472 574 564; x_wconf 78' lang='grc' dir='ltr'><strong><em>Τηλεμάχου</em></strong></span> <span class='ocrx_word' id='word_1_4' title='bbox 597 463 812 549; x_wconf 84' lang='grc' dir='ltr'><strong><em>ίπάνοδος</em></strong></span> <span class='ocrx_word' id='word_1_5' title='bbox 782 491 830 546; x_wconf 87' lang='grc' dir='ltr'><strong><em>εις</em></strong></span> <span class='ocrx_word' id='word_1_6' title='bbox 848 461 991 555; x_wconf 83' lang='grc' dir='ltr'><strong><em>Ἰθάκην.</em></strong></span> 
     </span>
    </p>
   </div>
   <div class='ocr_carea' id='block_1_3' title="bbox 353 587 1394 1071">
    <p class='ocr_par' dir='ltr' id='par_1_3' title="bbox 353 587 1394 1071">
     <span class='ocr_line' id='line_1_3' title="bbox 353 587 1394 666; baseline -0.006 -15"><span class='ocrx_word' id='word_1_7' title='bbox 353 598 392 657; x_wconf 83' lang='grc' dir='ltr'><strong><em>ελς</em></strong></span> <span class='ocrx_word' id='word_1_8' title='bbox 408 593 458 665; x_wconf 84' lang='grc' dir='ltr'><strong><em>τήν</em></strong></span> <span class='ocrx_word' id='word_1_9' title='bbox 474 593 561 648; x_wconf 89' lang='grc' dir='ltr'><strong><em>πόλιν</em></strong></span> <span class='ocrx_word' id='word_1_10' title='bbox 576 591 670 647; x_wconf 82' lang='grc' dir='ltr'><strong><em>έλθδιν</em></strong></span> <span class='ocrx_word' id='word_1_11' title='bbox 688 592 851 662; x_wconf 86' lang='grc' dir='ltr'><strong><em>Τηλέμαχος</em></strong></span> <span class='ocrx_word' id='word_1_12' title='bbox 868 587 1005 656; x_wconf 73' lang='grc' dir='ltr'><strong><em>διητεῖται</em></strong></span> <span class='ocrx_word' id='word_1_13' title='bbox 1022 591 1056 662; x_wconf 84' lang='grc' dir='ltr'><strong><em>τῇ</em></strong></span> <span class='ocrx_word' id='word_1_14' title='bbox 1073 589 1158 663; x_wconf 85' lang='grc' dir='ltr'><strong><em>μητρλ</em></strong></span> <span class='ocrx_word' id='word_1_15' title='bbox 1176 588 1327 666; x_wconf 76' lang='grc' dir='ltr'><strong><em>Πηνελόπῃ</em></strong></span> <span class='ocrx_word' id='word_1_16' title='bbox 1345 594 1394 661; x_wconf 83' lang='grc' dir='ltr'><strong><em>τῆς</em></strong></span> 
     </span>
     <span class='ocr_line' id='line_1_4' title="bbox 385 665 1393 768; baseline -0.009 -37"><span class='ocrx_word' id='word_1_17' title='bbox 385 675 548 745; x_wconf 73' lang='grc' dir='ltr'><strong><em>ἀποδημίας</em></strong></span> <span class='ocrx_word' id='word_1_18' title='bbox 564 671 599 725; x_wconf 81' lang='grc' dir='ltr'><strong><em>τὰ</em></strong></span> <span class='ocrx_word' id='word_1_19' title='bbox 616 669 763 744; x_wconf 88' lang='grc' dir='ltr'><strong><em>κεφάλαια.</em></strong></span> <span class='ocrx_word' id='word_1_20' title='bbox 799 666 967 768; x_wconf 79' lang='grc' dir='ltr'><strong><em>ὕστερονδὲ</em></strong></span> <span class='ocrx_word' id='word_1_21' title='bbox 983 667 1133 729; x_wconf 86' lang='grc' dir='ltr'><strong><em>Ὀδυσσεύς</em></strong></span> <span class='ocrx_word' id='word_1_22' title='bbox 1150 665 1279 768; x_wconf 75' lang='grc' dir='ltr'><strong><em>ἀχθεὶς</em></strong></span> <span class='ocrx_word' id='word_1_23' title='bbox 1265 671 1323 727; x_wconf 84' lang='grc' dir='ltr'><strong><em>υπὸ</em></strong></span> <span class='ocrx_word' id='word_1_24' title='bbox 1341 676 1393 734; x_wconf 80' lang='grc' dir='ltr'><strong><em>τοῦ</em></strong></span> 
     </span>
     <span class='ocr_line' id='line_1_5' title="bbox 384 747 1392 855; baseline -0.004 -45"><span class='ocrx_word' id='word_1_25' title='bbox 384 754 515 855; x_wconf 81' lang='grc' dir='ltr'><strong><em>Εὐμαίου</em></strong></span> <span class='ocrx_word' id='word_1_26' title='bbox 532 757 572 813; x_wconf 75' lang='grc' dir='ltr'><strong><em>είς</em></strong></span> <span class='ocrx_word' id='word_1_27' title='bbox 586 749 702 821; x_wconf 86' lang='grc' dir='ltr'><strong><em>Ἰθάκην</em></strong></span> <span class='ocrx_word' id='word_1_28' title='bbox 714 750 772 806; x_wconf 89' lang='grc' dir='ltr'><strong><em>ἀπό</em></strong></span> <span class='ocrx_word' id='word_1_29' title='bbox 790 755 846 807; x_wconf 82' lang='grc' dir='ltr'><strong><em>τῶν</em></strong></span> <span class='ocrx_word' id='word_1_30' title='bbox 858 747 954 824; x_wconf 73' lang='grc' dir='ltr'><strong><em>ἀτριύν</em></strong></span> <span class='ocrx_word' id='word_1_31' title='bbox 971 755 1011 811; x_wconf 76' lang='grc' dir='ltr'><strong><em>εἰς</em></strong></span> <span class='ocrx_word' id='word_1_32' title='bbox 1022 750 1053 804; x_wconf 89' lang='grc' dir='ltr'><strong><em>τό</em></strong></span> <span class='ocrx_word' id='word_1_33' title='bbox 1068 749 1232 823; x_wconf 86' lang='grc' dir='ltr'><strong><em>συμπόσιον</em></strong></span> <span class='ocrx_word' id='word_1_34' title='bbox 1249 756 1306 808; x_wconf 84' lang='grc' dir='ltr'><strong><em>τῶν</em></strong></span> <span class='ocrx_word' id='word_1_35' title='bbox 1321 772 1392 827; x_wconf 89' lang='grc' dir='ltr'><strong><em>μνη-</em></strong></span> 
     </span>
     <span class='ocr_line' id='line_1_6' title="bbox 385 829 1393 912; baseline -0.003 -21"><span class='ocrx_word' id='word_1_36' title='bbox 385 835 494 912; x_wconf 87' lang='grc' dir='ltr'><strong><em>στήρων</em></strong></span> <span class='ocrx_word' id='word_1_37' title='bbox 516 836 679 907; x_wconf 76' lang='grc' dir='ltr'><strong><em>εἰσέρχεται.</em></strong></span> <span class='ocrx_word' id='word_1_38' title='bbox 714 832 780 888; x_wconf 76' lang='grc' dir='ltr'><strong><em>ύδλ</em></strong></span> <span class='ocrx_word' id='word_1_39' title='bbox 797 831 872 888; x_wconf 91' lang='grc' dir='ltr'><strong><em>κύων</em></strong></span> <span class='ocrx_word' id='word_1_40' title='bbox 893 829 1075 901; x_wconf 80' lang='grc' dir='ltr'><strong><em>ἀναν-νωρίζει</em></strong></span> <span class='ocrx_word' id='word_1_41' title='bbox 1092 831 1143 887; x_wconf 89' lang='grc' dir='ltr'><strong><em>τὸν</em></strong></span> <span class='ocrx_word' id='word_1_42' title='bbox 1159 831 1310 902; x_wconf 75' lang='grc' dir='ltr'><strong><em>δεσπότην.</em></strong></span> <span class='ocrx_word' id='word_1_43' title='bbox 1345 837 1393 888; x_wconf 82' lang='grc' dir='ltr'><strong><em>καλ</em></strong></span> 
     </span>
     <span class='ocr_line' id='line_1_7' title="bbox 383 908 1394 992; baseline -0.003 -20"><span class='ocrx_word' id='word_1_44' title='bbox 383 915 512 992; x_wconf 79' lang='grc' dir='ltr'><strong><em>Εὔμαιος</em></strong></span> <span class='ocrx_word' id='word_1_45' title='bbox 528 915 582 988; x_wconf 75' lang='grc' dir='ltr'><strong><em>μέν</em></strong></span> <span class='ocrx_word' id='word_1_46' title='bbox 599 917 639 974; x_wconf 86' lang='grc' dir='ltr'><strong><em>ελς</em></strong></span> <span class='ocrx_word' id='word_1_47' title='bbox 655 913 719 976; x_wconf 87' lang='grc' dir='ltr'><strong><em>τούς</em></strong></span> <span class='ocrx_word' id='word_1_48' title='bbox 730 911 835 988; x_wconf 77' lang='grc' dir='ltr'><strong><em>ἀνρούς</em></strong></span> <span class='ocrx_word' id='word_1_49' title='bbox 851 911 1033 985; x_wconf 69' lang='grc' dir='ltr'><strong><em>ὑποστρέφει,</em></strong></span> <span class='ocrx_word' id='word_1_50' title='bbox 1048 908 1200 973; x_wconf 85' lang='grc' dir='ltr'><strong><em>Ὀδυσσεύς</em></strong></span> <span class='ocrx_word' id='word_1_51' title='bbox 1211 914 1244 969; x_wconf 74' lang='grc' dir='ltr'><strong><em>δέ</em></strong></span> <span class='ocrx_word' id='word_1_52' title='bbox 1255 911 1330 970; x_wconf 71' lang='grc' dir='ltr'><strong><em>ἔν’</em></strong></span> <span class='ocrx_word' id='word_1_53' title='bbox 1297 921 1394 975; x_wconf 85' lang='grc' dir='ltr'><strong><em>αυτοῖς</em></strong></span> 
     </span>
     <span class='ocr_line' id='line_1_8' title="bbox 383 1001 471 1071; baseline -0.025 -18"><span class='ocrx_word' id='word_1_54' title='bbox 383 1001 471 1071; x_wconf 84' lang='grc' dir='ltr'><strong><em>μένει.</em></strong></span> 
     </span>
    </p>
   </div>
   <div class='ocr_carea' id='block_1_4' title="bbox 286 1113 1394 1692">
    <p class='ocr_par' dir='ltr' id='par_1_4' title="bbox 286 1113 1394 1692">
     <span class='ocr_line' id='line_1_9' title="bbox 286 1113 896 1205; baseline -0.015 -17"><span class='ocrx_word' id='word_1_55' title='bbox 286 1127 322 1188; x_wconf 86' lang='grc' dir='ltr'><strong><em>Σ.</em></strong></span> <span class='ocrx_word' id='word_1_56' title='bbox 385 1115 570 1196; x_wconf 82' lang='grc' dir='ltr'><strong><em>Ὀδυσσέως</em></strong></span> <span class='ocrx_word' id='word_1_57' title='bbox 590 1113 749 1205; x_wconf 78' lang='grc' dir='ltr'><strong><em>κυίἼρου</em></strong></span> <span class='ocrx_word' id='word_1_58' title='bbox 772 1113 896 1204; x_wconf 78' lang='grc' dir='ltr'><strong><em>πυνμή.</em></strong></span> 
     </span>
     <span class='ocr_line' id='line_1_10' title="bbox 352 1233 1394 1312; baseline -0.003 -18"><span class='ocrx_word' id='word_1_59' title='bbox 352 1243 504 1312; x_wconf 72' lang='grc' dir='ltr'><strong><em>πινομένης</em></strong></span> <span class='ocrx_word' id='word_1_60' title='bbox 514 1235 606 1310; x_wconf 80' lang='grc' dir='ltr'><em>μάχης</em></span> <span class='ocrx_word' id='word_1_61' title='bbox 620 1234 777 1296; x_wconf 86' lang='grc' dir='ltr'><strong><em>Ὀδυσσέως</em></strong></span> <span class='ocrx_word' id='word_1_62' title='bbox 794 1233 866 1308; x_wconf 89' lang='grc' dir='ltr'><strong><em>πρὸς</em></strong></span> <span class='ocrx_word' id='word_1_63' title='bbox 877 1233 973 1309; x_wconf 70' lang='grc' dir='ltr'><strong><em>ἕτερον</em></strong></span> <span class='ocrx_word' id='word_1_64' title='bbox 985 1234 1099 1306; x_wconf 86' lang='grc' dir='ltr'><strong><em>πτωχὸν</em></strong></span> <span class='ocrx_word' id='word_1_65' title='bbox 1110 1233 1231 1291; x_wconf 83' lang='grc' dir='ltr'><strong><em>λλθύντα</em></strong></span> <span class='ocrx_word' id='word_1_66' title='bbox 1244 1234 1317 1310; x_wconf 84' lang='grc' dir='ltr'><strong><em>πρὸς</em></strong></span> <span class='ocrx_word' id='word_1_67' title='bbox 1328 1236 1394 1299; x_wconf 87' lang='grc' dir='ltr'><strong><em>τούς</em></strong></span> 
     </span>
     <span class='ocr_line' id='line_1_11' title="bbox 385 1314 1394 1394; baseline -0.003 -19"><span class='ocrx_word' id='word_1_68' title='bbox 385 1322 552 1394; x_wconf 83' lang='grc' dir='ltr'><strong><em>μνηστῆρας,</em></strong></span> <span class='ocrx_word' id='word_1_69' title='bbox 566 1316 717 1388; x_wconf 78' lang='grc' dir='ltr'><strong><em>Πηνελόπη</em></strong></span> <span class='ocrx_word' id='word_1_70' title='bbox 735 1314 871 1391; x_wconf 73' lang='grc' dir='ltr'><strong><em>λαμβάνει</em></strong></span> <span class='ocrx_word' id='word_1_71' title='bbox 882 1317 960 1390; x_wconf 82' lang='grc' dir='ltr'><strong><em>δῶρα</em></strong></span> <span class='ocrx_word' id='word_1_72' title='bbox 973 1317 1052 1391; x_wconf 84' lang='grc' dir='ltr'><strong><em>παρά</em></strong></span> <span class='ocrx_word' id='word_1_73' title='bbox 1070 1319 1124 1372; x_wconf 83' lang='grc' dir='ltr'><strong><em>τῶν</em></strong></span> <span class='ocrx_word' id='word_1_74' title='bbox 1135 1314 1311 1390; x_wconf 79' lang='grc' dir='ltr'><strong><em>μνηστήρων.</em></strong></span> <span class='ocrx_word' id='word_1_75' title='bbox 1346 1323 1394 1372; x_wconf 77' lang='grc' dir='ltr'><strong><em>νί-</em></strong></span> 
     </span>
     <span class='ocr_line' id='line_1_12' title="bbox 385 1395 1393 1474; baseline -0.004 -16"><span class='ocrx_word' id='word_1_76' title='bbox 385 1419 462 1458; x_wconf 82' lang='grc' dir='ltr'><strong><em>νεται</em></strong></span> <span class='ocrx_word' id='word_1_77' title='bbox 479 1401 510 1456; x_wconf 82' lang='grc' dir='ltr'><strong><em>δὲ</em></strong></span> <span class='ocrx_word' id='word_1_78' title='bbox 528 1405 577 1454; x_wconf 89' lang='grc' dir='ltr'><strong><em>καί</em></strong></span> <span class='ocrx_word' id='word_1_79' title='bbox 597 1417 639 1460; x_wconf 92' lang='grc' dir='ltr'><strong><em>τις</em></strong></span> <span class='ocrx_word' id='word_1_80' title='bbox 655 1402 816 1456; x_wconf 74' lang='grc' dir='ltr'><strong><em>κοινολονία</em></strong></span> <span class='ocrx_word' id='word_1_81' title='bbox 834 1399 864 1454; x_wconf 80' lang='grc' dir='ltr'><strong><em>έν</em></strong></span> <span class='ocrx_word' id='word_1_82' title='bbox 881 1403 941 1458; x_wconf 84' lang='grc' dir='ltr'><strong><em>τοῖς</em></strong></span> <span class='ocrx_word' id='word_1_83' title='bbox 961 1399 1023 1467; x_wconf 76' lang='grc' dir='ltr'><strong><em>ἑξῆς</em></strong></span> <span class='ocrx_word' id='word_1_84' title='bbox 1037 1395 1194 1460; x_wconf 88' lang='grc' dir='ltr'><strong><em>Ὀδυσσέως</em></strong></span> <span class='ocrx_word' id='word_1_85' title='bbox 1211 1400 1285 1474; x_wconf 86' lang='grc' dir='ltr'><strong><em>πρὸς</em></strong></span> <span class='ocrx_word' id='word_1_86' title='bbox 1301 1397 1393 1472; x_wconf 82' lang='grc' dir='ltr'><strong><em>Εὐρύ-</em></strong></span> 
     </span>
     <span class='ocr_line' id='line_1_13' title="bbox 386 1501 487 1555; baseline 0.021 -19"><span class='ocrx_word' id='word_1_87' title='bbox 386 1501 487 1555; x_wconf 87' lang='grc' dir='ltr'><strong><em>μαχον.</em></strong></span> 
     </span>
     <span class='ocr_line' id='line_1_14' title="bbox 291 1545 1249 1692; baseline -0.003 -21"><span class='ocrx_word' id='word_1_88' title='bbox 291 1611 327 1672; x_wconf 91' lang='grc' dir='ltr'><strong><em>Τ.</em></strong></span> <span class='ocrx_word' id='word_1_89' title='bbox 382 1598 566 1682; x_wconf 81' lang='grc' dir='ltr'><strong><em>Ὀδυσσέως</em></strong></span> <span class='ocrx_word' id='word_1_90' title='bbox 586 1626 644 1669; x_wconf 88' lang='grc' dir='ltr'><strong><em>και</em></strong></span> <span class='ocrx_word' id='word_1_91' title='bbox 633 1599 862 1692; x_wconf 84' lang='grc' dir='ltr'><strong><em>Πηνελόπης</em></strong></span> <span class='ocrx_word' id='word_1_92' title='bbox 884 1594 1010 1685; x_wconf 83' lang='grc' dir='ltr'><strong><em>δμιλία.</em></strong></span> <span class='ocrx_word' id='word_1_93' title='bbox 1054 1599 1097 1666; x_wconf 82' lang='grc' dir='ltr'><strong><em>τά</em></strong></span> <span class='ocrx_word' id='word_1_94' title='bbox 1118 1545 1249 1689; x_wconf 79' lang='grc' dir='ltr'><strong><em>νίπτρα.</em></strong></span> 
     </span>
    </p>
   </div>
   <div class='ocr_carea' id='block_1_5' title="bbox 354 1716 1395 2118">
    <p class='ocr_par' dir='ltr' id='par_1_5' title="bbox 354 1716 1395 2118">
     <span class='ocr_line' id='line_1_15' title="bbox 354 1716 1395 1797; baseline 0.001 -20"><span class='ocrx_word' id='word_1_95' title='bbox 354 1724 407 1779; x_wconf 83' lang='grc' dir='ltr'><strong><em>σύν</em></strong></span> <span class='ocrx_word' id='word_1_96' title='bbox 426 1719 580 1794; x_wconf 79' lang='grc' dir='ltr'><strong><em>Τηλεμάχῳ</em></strong></span> <span class='ocrx_word' id='word_1_97' title='bbox 599 1721 713 1778; x_wconf 72' lang='grc' dir='ltr'><strong><em>ἔκθεσιν</em></strong></span> <span class='ocrx_word' id='word_1_98' title='bbox 730 1728 854 1777; x_wconf 86' lang='grc' dir='ltr'><strong><em>ποιεῖται</em></strong></span> <span class='ocrx_word' id='word_1_99' title='bbox 875 1723 930 1777; x_wconf 85' lang='grc' dir='ltr'><strong><em>τῶν</em></strong></span> <span class='ocrx_word' id='word_1_100' title='bbox 952 1716 1048 1777; x_wconf 83' lang='grc' dir='ltr'><strong><em>ὅπλων</em></strong></span> <span class='ocrx_word' id='word_1_101' title='bbox 1068 1719 1229 1786; x_wconf 86' lang='grc' dir='ltr'><strong><em>Ὀδυσσεύς,</em></strong></span> <span class='ocrx_word' id='word_1_102' title='bbox 1252 1723 1299 1776; x_wconf 88' lang='grc' dir='ltr'><strong><em>καλ</em></strong></span> <span class='ocrx_word' id='word_1_103' title='bbox 1321 1722 1395 1797; x_wconf 85' lang='grc' dir='ltr'><strong><em>πρὸς</em></strong></span> 
     </span>
     <span class='ocr_line' id='line_1_16' title="bbox 386 1800 1391 1878; baseline 0 -20"><span class='ocrx_word' id='word_1_104' title='bbox 386 1803 554 1873; x_wconf 87' lang='grc' dir='ltr'><strong><em>Πηνελόπην</em></strong></span> <span class='ocrx_word' id='word_1_105' title='bbox 576 1804 607 1858; x_wconf 73' lang='grc' dir='ltr'><strong><em>ἐκ</em></strong></span> <span class='ocrx_word' id='word_1_106' title='bbox 624 1803 735 1878; x_wconf 81' lang='grc' dir='ltr'><strong><em>Κρήτης</em></strong></span> <span class='ocrx_word' id='word_1_107' title='bbox 753 1805 825 1860; x_wconf 69' lang='grc' dir='ltr'><strong><em>εἶναι</em></strong></span> <span class='ocrx_word' id='word_1_108' title='bbox 847 1801 1037 1878; x_wconf 80' lang='grc' dir='ltr'><strong><em>ὑποκρίνεται.</em></strong></span> <span class='ocrx_word' id='word_1_109' title='bbox 1071 1809 1180 1859; x_wconf 67' lang='grc' dir='ltr'><strong><em>πίνεται</em></strong></span> <span class='ocrx_word' id='word_1_110' title='bbox 1197 1803 1229 1858; x_wconf 80' lang='grc' dir='ltr'><strong><em>δὲ</em></strong></span> <span class='ocrx_word' id='word_1_111' title='bbox 1246 1800 1333 1858; x_wconf 82' lang='grc' dir='ltr'><strong><em>αὐτοῦ</em></strong></span> <span class='ocrx_word' id='word_1_112' title='bbox 1350 1804 1391 1859; x_wconf 85' lang='grc' dir='ltr'><strong><em>δι’</em></strong></span> 
     </span>
     <span class='ocr_line' id='line_1_17' title="bbox 387 1879 1393 1960; baseline 0.003 -21"><span class='ocrx_word' id='word_1_113' title='bbox 387 1884 469 1955; x_wconf 80' lang='grc' dir='ltr'><strong><em>οὐλῆς</em></strong></span> <span class='ocrx_word' id='word_1_114' title='bbox 485 1880 699 1958; x_wconf 83' lang='grc' dir='ltr'><strong><em>ἀναινωρισμδς</em></strong></span> <span class='ocrx_word' id='word_1_115' title='bbox 716 1883 789 1960; x_wconf 89' lang='grc' dir='ltr'><strong><em>πρὸς</em></strong></span> <span class='ocrx_word' id='word_1_116' title='bbox 799 1882 973 1958; x_wconf 80' lang='grc' dir='ltr'><strong><em>Εὐρύκλειαν</em></strong></span> <span class='ocrx_word' id='word_1_117' title='bbox 990 1880 1054 1944; x_wconf 86' lang='grc' dir='ltr'><strong><em>τούς</em></strong></span> <span class='ocrx_word' id='word_1_118' title='bbox 1071 1879 1165 1944; x_wconf 85' lang='grc' dir='ltr'><strong><em>πόδας</em></strong></span> <span class='ocrx_word' id='word_1_119' title='bbox 1182 1885 1268 1940; x_wconf 85' lang='grc' dir='ltr'><strong><em>αύτού</em></strong></span> <span class='ocrx_word' id='word_1_120' title='bbox 1279 1891 1393 1942; x_wconf 89' lang='grc' dir='ltr'><strong><em>νίπτον-</em></strong></span> 
     </span>
     <span class='ocr_line' id='line_1_18' title="bbox 388 1962 1393 2042; baseline 0.003 -22"><span class='ocrx_word' id='word_1_121' title='bbox 388 1982 448 2022; x_wconf 90' lang='grc' dir='ltr'><strong><em>σαν.</em></strong></span> <span class='ocrx_word' id='word_1_122' title='bbox 484 1971 530 2022; x_wconf 83' lang='grc' dir='ltr'><strong><em>καὶ</em></strong></span> <span class='ocrx_word' id='word_1_123' title='bbox 548 1966 616 2022; x_wconf 89' lang='grc' dir='ltr'><strong><em>κατά</em></strong></span> <span class='ocrx_word' id='word_1_124' title='bbox 630 1969 804 2040; x_wconf 75' lang='grc' dir='ltr'><strong><em>παρέκβασιν</em></strong></span> <span class='ocrx_word' id='word_1_125' title='bbox 822 1963 837 2018; x_wconf 96' lang='lat'><strong><em>6</em></strong></span> <span class='ocrx_word' id='word_1_126' title='bbox 856 1963 974 2033; x_wconf 83' lang='grc' dir='ltr'><strong><em>ποιητής</em></strong></span> <span class='ocrx_word' id='word_1_127' title='bbox 991 1964 1129 2033; x_wconf 75' lang='grc' dir='ltr'><strong><em>διητεῑται</em></strong></span> <span class='ocrx_word' id='word_1_128' title='bbox 1141 1962 1178 2028; x_wconf 78' lang='grc' dir='ltr'><strong><em>ὡς</em></strong></span> <span class='ocrx_word' id='word_1_129' title='bbox 1189 1966 1220 2022; x_wconf 80' lang='grc' dir='ltr'><strong><em>έν</em></strong></span> <span class='ocrx_word' id='word_1_130' title='bbox 1231 1972 1393 2042; x_wconf 79' lang='grc' dir='ltr'><strong><em>Παρνασσῷ</em></strong></span> 
     </span>
     <span class='ocr_line' id='line_1_19' title="bbox 386 2045 805 2118; baseline 0.002 -18"><span class='ocrx_word' id='word_1_131' title='bbox 386 2045 443 2101; x_wconf 83' lang='grc' dir='ltr'><strong><em>ἀπό</em></strong></span> <span class='ocrx_word' id='word_1_132' title='bbox 463 2049 529 2108; x_wconf 86' lang='grc' dir='ltr'><strong><em>συὸς</em></strong></span> <span class='ocrx_word' id='word_1_133' title='bbox 546 2045 653 2118; x_wconf 70' lang='grc' dir='ltr'><strong><em>έπλήτη</em></strong></span> <span class='ocrx_word' id='word_1_134' title='bbox 671 2049 805 2114; x_wconf 76' lang='grc' dir='ltr'><strong><em>κυνηνῶν.</em></strong></span> 
     </span>
    </p>
   </div>
   <div class='ocr_carea' id='block_1_6' title="bbox 289 2162 1436 2258">
    <p class='ocr_par' dir='ltr' id='par_1_6' title="bbox 289 2162 1436 2258">
     <span class='ocr_line' id='line_1_20' title="bbox 289 2162 1436 2258; baseline -0.002 -24"><span class='ocrx_word' id='word_1_135' title='bbox 289 2167 425 2234; x_wconf 84' lang='grc' dir='ltr'><strong><em>Υ.τά</em></strong></span> <span class='ocrx_word' id='word_1_136' title='bbox 447 2168 514 2258; x_wconf 84' lang='grc' dir='ltr'><strong><em>πρὸ</em></strong></span> <span class='ocrx_word' id='word_1_137' title='bbox 535 2167 594 2257; x_wconf 75' lang='grc' dir='ltr'><strong><em>τῆς</em></strong></span> <span class='ocrx_word' id='word_1_138' title='bbox 613 2162 905 2257; x_wconf 84' lang='grc' dir='ltr'><strong><em>μνηστηροφονίας.</em></strong></span> <span class='ocrx_word' id='word_1_139' title='bbox 1395 2187 1436 2251; x_wconf 83' lang='lat'><strong><em>20</em></strong></span> 
     </span>
    </p>
   </div>
   <div class='ocr_carea' id='block_1_7' title="bbox 352 2285 1395 2527">
    <p class='ocr_par' dir='ltr' id='par_1_7' title="bbox 352 2285 1395 2527">
     <span class='ocr_line' id='line_1_21' title="bbox 352 2285 1395 2366; baseline 0 -22"><span class='ocrx_word' id='word_1_140' title='bbox 352 2291 500 2358; x_wconf 77' lang='grc' dir='ltr'><strong><em>βουληθεὶς</em></strong></span> <span class='ocrx_word' id='word_1_141' title='bbox 517 2286 657 2345; x_wconf 84' lang='grc' dir='ltr'><strong><em>ἀνελεῖνι</em></strong></span> <span class='ocrx_word' id='word_1_142' title='bbox 645 2309 660 2342; x_wconf 96' lang='grc' dir='ltr'><strong><em>ο</em></strong></span> <span class='ocrx_word' id='word_1_143' title='bbox 676 2285 827 2347; x_wconf 87' lang='grc' dir='ltr'><strong><em>Ὀδυσσεὺς</em></strong></span> <span class='ocrx_word' id='word_1_144' title='bbox 843 2285 892 2347; x_wconf 84' lang='grc' dir='ltr'><strong><em>τὰς</em></strong></span> <span class='ocrx_word' id='word_1_145' title='bbox 908 2288 1082 2361; x_wconf 74' lang='grc' dir='ltr'><strong><em>μιτνυμένας</em></strong></span> <span class='ocrx_word' id='word_1_146' title='bbox 1099 2293 1160 2348; x_wconf 88' lang='grc' dir='ltr'><strong><em>τοῖς</em></strong></span> <span class='ocrx_word' id='word_1_147' title='bbox 1175 2291 1334 2366; x_wconf 83' lang='grc' dir='ltr'><strong><em>μνηστῆρσι</em></strong></span> <span class='ocrx_word' id='word_1_148' title='bbox 1346 2298 1395 2347; x_wconf 85' lang='grc' dir='ltr'><strong><em>θε-</em></strong></span> 
     </span>
     <span class='ocr_line' id='line_1_22' title="bbox 387 2365 1394 2468; baseline 0.002 -44"><span class='ocrx_word' id='word_1_149' title='bbox 387 2376 533 2444; x_wconf 85' lang='grc' dir='ltr'><strong><em>ραπαίνας,</em></strong></span> <span class='ocrx_word' id='word_1_150' title='bbox 552 2365 671 2442; x_wconf 80' lang='grc' dir='ltr'><strong><em>ὕστερον</em></strong></span> <span class='ocrx_word' id='word_1_151' title='bbox 688 2369 720 2424; x_wconf 76' lang='grc' dir='ltr'><strong><em>δέ</em></strong></span> <span class='ocrx_word' id='word_1_152' title='bbox 730 2366 894 2468; x_wconf 72' lang='grc' dir='ltr'><strong><em>μεταπνούς,</em></strong></span> <span class='ocrx_word' id='word_1_153' title='bbox 912 2366 960 2422; x_wconf 90' lang='grc' dir='ltr'><strong><em>διά</em></strong></span> <span class='ocrx_word' id='word_1_154' title='bbox 978 2370 1035 2424; x_wconf 83' lang='grc' dir='ltr'><strong><em>τῶν</em></strong></span> <span class='ocrx_word' id='word_1_155' title='bbox 1045 2369 1107 2468; x_wconf 74' lang='grc' dir='ltr'><strong><em>έξής</em></strong></span> <span class='ocrx_word' id='word_1_156' title='bbox 1122 2368 1196 2444; x_wconf 89' lang='grc' dir='ltr'><strong><em>πρὸς</em></strong></span> <span class='ocrx_word' id='word_1_157' title='bbox 1206 2369 1336 2445; x_wconf 78' lang='grc' dir='ltr'><strong><em>Εὔμαιον</em></strong></span> <span class='ocrx_word' id='word_1_158' title='bbox 1347 2376 1394 2427; x_wconf 86' lang='grc' dir='ltr'><strong><em>καλ</em></strong></span> 
     </span>
     <span class='ocr_line' id='line_1_23' title="bbox 387 2439 1391 2527; baseline 0.004 -22"><span class='ocrx_word' id='word_1_159' title='bbox 387 2455 536 2508; x_wconf 76' lang='grc' dir='ltr'><strong><em>Φιλοίτιον</em></strong></span> <span class='ocrx_word' id='word_1_160' title='bbox 553 2452 721 2507; x_wconf 75' lang='grc' dir='ltr'><strong><em>διαλένεται·</em></strong></span> <span class='ocrx_word' id='word_1_161' title='bbox 744 2439 815 2506; x_wconf 74' lang='grc' dir='ltr'><strong><em>ἐν</em></strong></span> <span class='ocrx_word' id='word_1_162' title='bbox 792 2469 813 2520; x_wconf 84' lang='grc' dir='ltr'><strong><em>ηι</em></strong></span> <span class='ocrx_word' id='word_1_163' title='bbox 832 2453 878 2504; x_wconf 86' lang='grc' dir='ltr'><strong><em>καλ</em></strong></span> <span class='ocrx_word' id='word_1_164' title='bbox 900 2453 956 2506; x_wconf 81' lang='grc' dir='ltr'><strong><em>τῶν</em></strong></span> <span class='ocrx_word' id='word_1_165' title='bbox 976 2448 1144 2526; x_wconf 83' lang='grc' dir='ltr'><strong><em>μνηστήρων</em></strong></span> <span class='ocrx_word' id='word_1_166' title='bbox 1160 2456 1268 2508; x_wconf 68' lang='grc' dir='ltr'><strong><em>πίνεται</em></strong></span> <span class='ocrx_word' id='word_1_167' title='bbox 1285 2452 1391 2527; x_wconf 84' lang='grc' dir='ltr'><strong><em>ὁμιλία.</em></strong></span> 
     </span>
    </p>
   </div>
   <div class='ocr_carea' id='block_1_8' title="bbox 287 2572 1431 2655">
    <p class='ocr_par' dir='ltr' id='par_1_8' title="bbox 287 2572 1431 2655">
     <span class='ocr_line' id='line_1_24' title="bbox 287 2572 1431 2655; baseline 0.002 -15"><span class='ocrx_word' id='word_1_168' title='bbox 287 2580 327 2640; x_wconf 80' lang='grc' dir='ltr'><strong><em>Φ.</em></strong></span> <span class='ocrx_word' id='word_1_169' title='bbox 385 2572 483 2654; x_wconf 87' lang='grc' dir='ltr'><strong><em>τόξου</em></strong></span> <span class='ocrx_word' id='word_1_170' title='bbox 506 2572 615 2654; x_wconf 84' lang='grc' dir='ltr'><strong><em>θέσις.</em></strong></span> <span class='ocrx_word' id='word_1_171' title='bbox 1395 2593 1431 2655; x_wconf 82' lang='lat'><strong><em>21</em></strong></span> 
     </span>
    </p>
   </div>
   <div class='ocr_carea' id='block_1_9' title="bbox 353 2677 1395 3009">
    <p class='ocr_par' dir='ltr' id='par_1_9' title="bbox 353 2677 1395 3009">
     <span class='ocr_line' id='line_1_25' title="bbox 353 2677 1393 2790; baseline 0.003 -41"><span class='ocrx_word' id='word_1_172' title='bbox 353 2677 504 2763; x_wconf 85' lang='grc' dir='ltr'><strong><em>Πηνελόπη</em></strong></span> <span class='ocrx_word' id='word_1_173' title='bbox 522 2714 560 2790; x_wconf 84' lang='grc' dir='ltr'><strong><em>τφ</em></strong></span> <span class='ocrx_word' id='word_1_174' title='bbox 579 2699 698 2752; x_wconf 85' lang='grc' dir='ltr'><strong><em>τείνοντι</em></strong></span> <span class='ocrx_word' id='word_1_175' title='bbox 715 2693 747 2747; x_wconf 91' lang='grc' dir='ltr'><strong><em>τὸ</em></strong></span> <span class='ocrx_word' id='word_1_176' title='bbox 761 2692 843 2756; x_wconf 80' lang='grc' dir='ltr'><strong><em>τόξον</em></strong></span> <span class='ocrx_word' id='word_1_177' title='bbox 855 2690 1028 2765; x_wconf 73' lang='grc' dir='ltr'><strong><em>ύμολονεῐ</em></strong></span> <span class='ocrx_word' id='word_1_178' title='bbox 1001 2711 1050 2747; x_wconf 82' lang='grc' dir='ltr'><strong><em>τον</em></strong></span> <span class='ocrx_word' id='word_1_179' title='bbox 1062 2692 1147 2764; x_wconf 85' lang='grc' dir='ltr'><strong><em>αύτής</em></strong></span> <span class='ocrx_word' id='word_1_180' title='bbox 1157 2691 1259 2769; x_wconf 74' lang='grc' dir='ltr'><strong><em>τάμον.</em></strong></span> <span class='ocrx_word' id='word_1_181' title='bbox 1293 2694 1393 2752; x_wconf 88' lang='grc' dir='ltr'><strong><em>’-οδυσ</em></strong></span> 
     </span>
     <span class='ocr_line' id='line_1_26' title="bbox 387 2770 1395 2873; baseline 0.007 -45"><span class='ocrx_word' id='word_1_182' title='bbox 387 2772 452 2834; x_wconf 82' lang='grc' dir='ltr'><strong><em>σεύς</em></strong></span> <span class='ocrx_word' id='word_1_183' title='bbox 470 2774 500 2828; x_wconf 80' lang='grc' dir='ltr'><strong><em>δὲ</em></strong></span> <span class='ocrx_word' id='word_1_184' title='bbox 512 2771 631 2873; x_wconf 80' lang='grc' dir='ltr'><strong><em>Εύμαίφ</em></strong></span> <span class='ocrx_word' id='word_1_185' title='bbox 648 2778 695 2828; x_wconf 87' lang='grc' dir='ltr'><strong><em>καλ</em></strong></span> <span class='ocrx_word' id='word_1_186' title='bbox 713 2777 848 2845; x_wconf 76' lang='grc' dir='ltr'><strong><em>Φιλοιτίφ</em></strong></span> <span class='ocrx_word' id='word_1_187' title='bbox 866 2770 1059 2847; x_wconf 72' lang='grc' dir='ltr'><strong><em>ἐντειλάμενος</em></strong></span> <span class='ocrx_word' id='word_1_188' title='bbox 1077 2779 1142 2850; x_wconf 76' lang='grc' dir='ltr'><strong><em>περὶ</em></strong></span> <span class='ocrx_word' id='word_1_189' title='bbox 1159 2779 1209 2846; x_wconf 82' lang='grc' dir='ltr'><strong><em>τῆς</em></strong></span> <span class='ocrx_word' id='word_1_190' title='bbox 1225 2779 1281 2833; x_wconf 81' lang='grc' dir='ltr'><strong><em>τῶν</em></strong></span> <span class='ocrx_word' id='word_1_191' title='bbox 1297 2783 1395 2852; x_wconf 82' lang='grc' dir='ltr'><strong><em>θυρῶν</em></strong></span> 
     </span>
     <span class='ocr_line' id='line_1_27' title="bbox 386 2851 1394 2929; baseline 0.008 -22"><span class='ocrx_word' id='word_1_192' title='bbox 386 2852 543 2928; x_wconf 79' lang='grc' dir='ltr'><strong><em>ἀσφαλείας</em></strong></span> <span class='ocrx_word' id='word_1_193' title='bbox 559 2851 642 2916; x_wconf 90' lang='grc' dir='ltr'><strong><em>αύτδς</em></strong></span> <span class='ocrx_word' id='word_1_194' title='bbox 659 2853 762 2929; x_wconf 88' lang='grc' dir='ltr'><strong><em>ἀφίησι</em></strong></span> <span class='ocrx_word' id='word_1_195' title='bbox 779 2856 811 2910; x_wconf 86' lang='grc' dir='ltr'><strong><em>τό</em></strong></span> <span class='ocrx_word' id='word_1_196' title='bbox 829 2858 909 2925; x_wconf 80' lang='grc' dir='ltr'><strong><em>βέλος</em></strong></span> <span class='ocrx_word' id='word_1_197' title='bbox 926 2855 973 2909; x_wconf 88' lang='grc' dir='ltr'><strong><em>διά</em></strong></span> <span class='ocrx_word' id='word_1_198' title='bbox 992 2859 1047 2912; x_wconf 82' lang='grc' dir='ltr'><strong><em>τῶν</em></strong></span> <span class='ocrx_word' id='word_1_199' title='bbox 1065 2860 1213 2926; x_wconf 85' lang='grc' dir='ltr'><strong><em>πελέκεων,</em></strong></span> <span class='ocrx_word' id='word_1_200' title='bbox 1235 2853 1321 2914; x_wconf 83' lang='grc' dir='ltr'><strong><em>ἀλλον</em></strong></span> <span class='ocrx_word' id='word_1_201' title='bbox 1338 2866 1394 2915; x_wconf 88' lang='grc' dir='ltr'><strong><em>τεῖ-</em></strong></span> 
     </span>
     <span class='ocr_line' id='line_1_28' title="bbox 385 2934 836 3009; baseline -0.002 -17"><span class='ocrx_word' id='word_1_202' title='bbox 385 2955 432 2992; x_wconf 93' lang='grc' dir='ltr'><strong><em>ναι</em></strong></span> <span class='ocrx_word' id='word_1_203' title='bbox 451 2937 482 2993; x_wconf 85' lang='grc' dir='ltr'><strong><em>τὸ</em></strong></span> <span class='ocrx_word' id='word_1_204' title='bbox 501 2934 584 2999; x_wconf 83' lang='grc' dir='ltr'><strong><em>τόξον</em></strong></span> <span class='ocrx_word' id='word_1_205' title='bbox 598 2936 639 3009; x_wconf 84' lang='grc' dir='ltr'><strong><em>μὴ</em></strong></span> <span class='ocrx_word' id='word_1_206' title='bbox 658 2938 836 3006; x_wconf 74' lang='grc' dir='ltr'><strong><em>δυνηθέντος</em></strong></span> 
     </span>
    </p>
   </div>
   <div class='ocr_carea' id='block_1_10' title="bbox 284 3055 1436 3424">
    <p class='ocr_par' dir='ltr' id='par_1_10' title="bbox 284 3055 1436 3424">
     <span class='ocr_line' id='line_1_29' title="bbox 284 3055 1436 3149; baseline 0.001 -25"><span class='ocrx_word' id='word_1_207' title='bbox 284 3064 328 3125; x_wconf 88' lang='grc' dir='ltr'><strong><em>Χ.</em></strong></span> <span class='ocrx_word' id='word_1_208' title='bbox 384 3055 659 3149; x_wconf 81' lang='grc' dir='ltr'><strong><em>μνηστηροφονία.</em></strong></span> <span class='ocrx_word' id='word_1_209' title='bbox 1396 3083 1436 3145; x_wconf 79' lang='lat'><strong><em>22</em></strong></span> 
     </span>
     <span class='ocr_line' id='line_1_30' title="bbox 354 3176 1393 3257; baseline 0.009 -24"><span class='ocrx_word' id='word_1_210' title='bbox 354 3178 387 3234; x_wconf 86' lang='grc' dir='ltr'><strong><em>τά</em></strong></span> <span class='ocrx_word' id='word_1_211' title='bbox 400 3182 467 3253; x_wconf 79' lang='grc' dir='ltr'><strong><em>περὶ</em></strong></span> <span class='ocrx_word' id='word_1_212' title='bbox 477 3178 527 3250; x_wconf 86' lang='grc' dir='ltr'><strong><em>τήν</em></strong></span> <span class='ocrx_word' id='word_1_213' title='bbox 537 3184 787 3255; x_wconf 87' lang='grc' dir='ltr'><strong><em>μνηστηροφονίαν</em></strong></span> <span class='ocrx_word' id='word_1_214' title='bbox 795 3176 1147 3255; x_wconf 75' lang='grc' dir='ltr'><strong><em>έρνασάμενοςὈδυσσεύς</em></strong></span> <span class='ocrx_word' id='word_1_215' title='bbox 1157 3180 1302 3257; x_wconf 80' lang='grc' dir='ltr'><strong><em>παρούσης</em></strong></span> <span class='ocrx_word' id='word_1_216' title='bbox 1311 3181 1393 3254; x_wconf 79' lang='grc' dir='ltr'><strong><em>Ἀθη·</em></strong></span> 
     </span>
     <span class='ocr_line' id='line_1_31' title="bbox 301 3258 1393 3337; baseline 0.005 -20"><span class='ocrx_word' id='word_1_217' title='bbox 301 3278 303 3282; x_wconf 90' lang='grc'><em>·</em></span> <span class='ocrx_word' id='word_1_218' title='bbox 385 3263 436 3322; x_wconf 82' lang='grc' dir='ltr'><strong><em>νᾶς</em></strong></span> <span class='ocrx_word' id='word_1_219' title='bbox 457 3263 488 3317; x_wconf 75' lang='grc' dir='ltr'><strong><em>ἐν</em></strong></span> <span class='ocrx_word' id='word_1_220' title='bbox 510 3271 569 3323; x_wconf 84' lang='grc' dir='ltr'><strong><em>τοῖς</em></strong></span> <span class='ocrx_word' id='word_1_221' title='bbox 588 3264 649 3330; x_wconf 78' lang='grc' dir='ltr'><strong><em>ἑξῆς</em></strong></span> <span class='ocrx_word' id='word_1_222' title='bbox 672 3258 721 3321; x_wconf 88' lang='grc' dir='ltr'><strong><em>τάς</em></strong></span> <span class='ocrx_word' id='word_1_223' title='bbox 743 3266 919 3336; x_wconf 74' lang='grc' dir='ltr'><strong><em>θεραπαίνας</em></strong></span> <span class='ocrx_word' id='word_1_224' title='bbox 940 3261 989 3314; x_wconf 76' lang='grc' dir='ltr'><strong><em>διὰ</em></strong></span> <span class='ocrx_word' id='word_1_225' title='bbox 1013 3261 1181 3337; x_wconf 83' lang='grc' dir='ltr'><strong><em>Τηλεμάχου</em></strong></span> <span class='ocrx_word' id='word_1_226' title='bbox 1202 3268 1249 3320; x_wconf 86' lang='grc' dir='ltr'><strong><em>καλ</em></strong></span> <span class='ocrx_word' id='word_1_227' title='bbox 1270 3271 1327 3324; x_wconf 79' lang='grc' dir='ltr'><strong><em>τῶν</em></strong></span> <span class='ocrx_word' id='word_1_228' title='bbox 1349 3273 1393 3322; x_wconf 84' lang='grc' dir='ltr'><strong><em>ολ-</em></strong></span> 
     </span>
     <span class='ocr_line' id='line_1_32' title="bbox 386 3339 899 3424; baseline -0.004 -28"><span class='ocrx_word' id='word_1_229' title='bbox 386 3350 469 3399; x_wconf 92' lang='grc' dir='ltr'><strong><em>κείων</em></strong></span> <span class='ocrx_word' id='word_1_230' title='bbox 485 3341 595 3406; x_wconf 87' lang='grc' dir='ltr'><strong><em>κολάζει</em></strong></span> <span class='ocrx_word' id='word_1_231' title='bbox 611 3339 671 3415; x_wconf 79' lang='grc' dir='ltr'><strong><em>ἅμα</em></strong></span> <span class='ocrx_word' id='word_1_232' title='bbox 688 3345 855 3412; x_wconf 86' lang='grc' dir='ltr'><strong><em>Μελανθίφ.</em></strong></span> <span class='ocrx_word' id='word_1_233' title='bbox 896 3417 899 3424; x_wconf 88' lang='lat'><em>.</em></span> 
     </span>
    </p>
   </div>
   <div class='ocr_carea' id='block_1_11' title="bbox 290 3457 1435 3554">
    <p class='ocr_par' dir='ltr' id='par_1_11' title="bbox 290 3457 1435 3554">
     <span class='ocr_line' id='line_1_33' title="bbox 290 3457 1435 3554; baseline 0.002 -23"><span class='ocrx_word' id='word_1_234' title='bbox 290 3469 329 3531; x_wconf 72' lang='grc' dir='ltr'><strong><em>Ψ.</em></strong></span> <span class='ocrx_word' id='word_1_235' title='bbox 385 3460 568 3542; x_wconf 80' lang='grc' dir='ltr'><strong><em>Ὀδυσσέως</em></strong></span> <span class='ocrx_word' id='word_1_236' title='bbox 588 3457 657 3529; x_wconf 83' lang='grc' dir='ltr'><strong><em>ύπδ</em></strong></span> <span class='ocrx_word' id='word_1_237' title='bbox 678 3461 875 3552; x_wconf 85' lang='grc' dir='ltr'><strong><em>Πηνελόπης</em></strong></span> <span class='ocrx_word' id='word_1_238' title='bbox 897 3458 1155 3554; x_wconf 80' lang='grc' dir='ltr'><strong><em>ἀναν-νωρισμός.</em></strong></span> <span class='ocrx_word' id='word_1_239' title='bbox 1395 3485 1435 3548; x_wconf 79' lang='lat'><strong><em>23</em></strong></span> 
     </span>
    </p>
   </div>
   <div class='ocr_carea' id='block_1_12' title="bbox 353 3581 1394 3898">
    <p class='ocr_par' dir='ltr' id='par_1_12' title="bbox 353 3581 1394 3898">
     <span class='ocr_line' id='line_1_34' title="bbox 353 3581 1394 3659; baseline 0.007 -21"><span class='ocrx_word' id='word_1_240' title='bbox 353 3582 468 3638; x_wconf 74' lang='grc' dir='ltr'><strong><em>ἀνι-ελία</em></strong></span> <span class='ocrx_word' id='word_1_241' title='bbox 490 3581 659 3659; x_wconf 84' lang='grc' dir='ltr'><strong><em>Εὐρυκλείας</em></strong></span> <span class='ocrx_word' id='word_1_242' title='bbox 679 3581 830 3658; x_wconf 87' lang='grc' dir='ltr'><strong><em>Πηνελόπη</em></strong></span> <span class='ocrx_word' id='word_1_243' title='bbox 856 3588 924 3655; x_wconf 78' lang='grc' dir='ltr'><strong><em>περὶ</em></strong></span> <span class='ocrx_word' id='word_1_244' title='bbox 951 3589 1001 3640; x_wconf 89' lang='grc' dir='ltr'><strong><em>τοῦ</em></strong></span> <span class='ocrx_word' id='word_1_245' title='bbox 1020 3583 1178 3649; x_wconf 78' lang='grc' dir='ltr'><strong><em>Ὀδυσσέως</em></strong></span> <span class='ocrx_word' id='word_1_246' title='bbox 1201 3590 1247 3644; x_wconf 85' lang='grc' dir='ltr'><strong><em>καλ</em></strong></span> <span class='ocrx_word' id='word_1_247' title='bbox 1270 3591 1317 3658; x_wconf 83' lang='grc' dir='ltr'><strong><em>τῆς</em></strong></span> <span class='ocrx_word' id='word_1_248' title='bbox 1338 3593 1394 3646; x_wconf 76' lang='grc' dir='ltr'><strong><em>τῶν</em></strong></span> 
     </span>
     <span class='ocr_line' id='line_1_35' title="bbox 383 3660 1393 3745; baseline 0.008 -29"><span class='ocrx_word' id='word_1_249' title='bbox 383 3661 550 3738; x_wconf 87' lang='grc' dir='ltr'><strong><em>μνηστήρων</em></strong></span> <span class='ocrx_word' id='word_1_250' title='bbox 575 3660 754 3737; x_wconf 79' lang='grc' dir='ltr'><strong><em>ἀναιρέσεως,</em></strong></span> <span class='ocrx_word' id='word_1_251' title='bbox 788 3661 1004 3741; x_wconf 78' lang='grc' dir='ltr'><strong><em>ἀναννωρισμός</em></strong></span> <span class='ocrx_word' id='word_1_252' title='bbox 1030 3687 1060 3724; x_wconf 89' lang='grc' dir='ltr'><strong><em>τε</em></strong></span> <span class='ocrx_word' id='word_1_253' title='bbox 1086 3666 1170 3738; x_wconf 82' lang='grc' dir='ltr'><strong><em>αὐτῆς</em></strong></span> <span class='ocrx_word' id='word_1_254' title='bbox 1196 3667 1269 3745; x_wconf 83' lang='grc' dir='ltr'><strong><em>πρὸς</em></strong></span> <span class='ocrx_word' id='word_1_255' title='bbox 1293 3668 1393 3728; x_wconf 83' lang='grc' dir='ltr'><strong><em>Ὀδυσ-</em></strong></span> 
     </span>
     <span class='ocr_line' id='line_1_36' title="bbox 386 3742 1392 3822; baseline 0.009 -24"><span class='ocrx_word' id='word_1_256' title='bbox 386 3748 444 3810; x_wconf 88' lang='grc' dir='ltr'><strong><em>σέα,</em></strong></span> <span class='ocrx_word' id='word_1_257' title='bbox 462 3748 508 3798; x_wconf 89' lang='grc' dir='ltr'><strong><em>καλ</em></strong></span> <span class='ocrx_word' id='word_1_258' title='bbox 524 3746 581 3799; x_wconf 86' lang='grc' dir='ltr'><strong><em>τιύν</em></strong></span> <span class='ocrx_word' id='word_1_259' title='bbox 592 3748 639 3811; x_wconf 82' lang='grc' dir='ltr'><strong><em>τῆς</em></strong></span> <span class='ocrx_word' id='word_1_260' title='bbox 651 3742 759 3813; x_wconf 84' lang='grc' dir='ltr'><strong><em>πλάνης</em></strong></span> <span class='ocrx_word' id='word_1_261' title='bbox 770 3745 952 3816; x_wconf 75' lang='grc' dir='ltr'><strong><em>διητημάτων</em></strong></span> <span class='ocrx_word' id='word_1_262' title='bbox 963 3747 1212 3822; x_wconf 85' lang='grc' dir='ltr'><strong><em>ἀνακεφαλαίωσις,</em></strong></span> <span class='ocrx_word' id='word_1_263' title='bbox 1230 3754 1276 3806; x_wconf 90' lang='grc' dir='ltr'><strong><em>καλ</em></strong></span> <span class='ocrx_word' id='word_1_264' title='bbox 1293 3749 1392 3809; x_wconf 85' lang='grc' dir='ltr'><strong><em>Ὀδυσ-</em></strong></span> 
     </span>
     <span class='ocr_line' id='line_1_37' title="bbox 385 3824 1117 3898; baseline 0.007 -17"><span class='ocrx_word' id='word_1_265' title='bbox 385 3829 456 3886; x_wconf 88' lang='grc' dir='ltr'><strong><em>σέως</em></strong></span> <span class='ocrx_word' id='word_1_266' title='bbox 472 3829 519 3879; x_wconf 82' lang='grc' dir='ltr'><strong><em>καλ</em></strong></span> <span class='ocrx_word' id='word_1_267' title='bbox 538 3824 704 3898; x_wconf 87' lang='grc' dir='ltr'><strong><em>Τηλεμάχου</em></strong></span> <span class='ocrx_word' id='word_1_268' title='bbox 721 3825 791 3898; x_wconf 83' lang='grc' dir='ltr'><strong><em>μετὰ</em></strong></span> <span class='ocrx_word' id='word_1_269' title='bbox 809 3832 866 3883; x_wconf 77' lang='grc' dir='ltr'><strong><em>τῶν</em></strong></span> <span class='ocrx_word' id='word_1_270' title='bbox 884 3831 994 3884; x_wconf 76' lang='grc' dir='ltr'><strong><em>οἰκείων</em></strong></span> <span class='ocrx_word' id='word_1_271' title='bbox 1012 3830 1117 3893; x_wconf 79' lang='grc' dir='ltr'><strong><em>ἔξοδος.</em></strong></span> 
     </span>
    </p>
   </div>
   <div class='ocr_carea' id='block_1_13' title="bbox 283 3925 1434 4041">
    <p class='ocr_par' dir='ltr' id='par_1_13' title="bbox 283 3925 1434 4041">
     <span class='ocr_line' id='line_1_38' title="bbox 283 3925 1434 4041; baseline -0.003 -43"><span class='ocrx_word' id='word_1_272' title='bbox 283 3933 323 3998; x_wconf 88' lang='grc' dir='ltr'><strong><em>Ω.</em></strong></span> <span class='ocrx_word' id='word_1_273' title='bbox 382 3925 494 3998; x_wconf 81' lang='grc' dir='ltr'><strong><em>νύκυια</em></strong></span> <span class='ocrx_word' id='word_1_274' title='bbox 517 3925 661 4017; x_wconf 80' lang='grc' dir='ltr'><strong><em>δευτέρα.</em></strong></span> <span class='ocrx_word' id='word_1_275' title='bbox 706 3925 861 3995; x_wconf 90' lang='grc' dir='ltr'><strong><em>σπονδαί.</em></strong></span> <span class='ocrx_word' id='word_1_276' title='bbox 1246 3933 1250 3940; x_wconf 85' lang='grc'><strong>’</strong></span> <span class='ocrx_word' id='word_1_277' title='bbox 1393 3977 1434 4041; x_wconf 67' lang='lat'><strong><em>24</em></strong></span> 
     </span>
    </p>
   </div>
   <div class='ocr_carea' id='block_1_14' title="bbox 353 4015 1391 4150">
    <p class='ocr_par' dir='ltr' id='par_1_14' title="bbox 353 4015 1391 4150">
     <span class='ocr_line' id='line_1_39' title="bbox 353 4015 1391 4150; baseline 0.008 -45"><span class='ocrx_word' id='word_1_278' title='bbox 353 4049 402 4112; x_wconf 79' lang='grc' dir='ltr'><strong><em>τὰς</em></strong></span> <span class='ocrx_word' id='word_1_279' title='bbox 418 4055 474 4107; x_wconf 81' lang='grc' dir='ltr'><strong><em>τῶν</em></strong></span> <span class='ocrx_word' id='word_1_280' title='bbox 490 4047 658 4127; x_wconf 87' lang='grc' dir='ltr'><strong><em>μνηστήρων</em></strong></span> <span class='ocrx_word' id='word_1_281' title='bbox 676 4047 770 4122; x_wconf 79' lang='grc' dir='ltr'><strong><em>ψυχὰς</em></strong></span> <span class='ocrx_word' id='word_1_282' title='bbox 783 4049 884 4125; x_wconf 82' lang='grc' dir='ltr'><strong><em>Ἑρμῆς</em></strong></span> <span class='ocrx_word' id='word_1_283' title='bbox 906 4054 945 4112; x_wconf 76' lang='grc' dir='ltr'><strong><em>εἰς</em></strong></span> <span class='ocrx_word' id='word_1_284' title='bbox 956 4047 1038 4150; x_wconf 53' lang='grc' dir='ltr'><strong><em>Ἅιδου</em></strong></span> <span class='ocrx_word' id='word_1_285' title='bbox 1059 4052 1181 4120; x_wconf 77' lang='grc' dir='ltr'><strong><em>κατάιει,</em></strong></span> <span class='ocrx_word' id='word_1_286' title='bbox 1200 4015 1279 4112; x_wconf 84' lang='grc' dir='ltr'><strong><em>καλ’</em></strong></span> <span class='ocrx_word' id='word_1_287' title='bbox 1264 4075 1391 4113; x_wconf 86' lang='grc' dir='ltr'><strong><em>αναινω-</em></strong></span> 
     </span>
    </p>
   </div>
   <div class='ocr_carea' id='block_1_15' title="bbox 385 4152 1390 4258">
    <p class='ocr_par' dir='ltr' id='par_1_15' title="bbox 385 4152 1390 4258">
     <span class='ocr_line' id='line_1_40' title="bbox 385 4152 1390 4258; baseline 0.008 -52"><span class='ocrx_word' id='word_1_288' title='bbox 385 4152 487 4227; x_wconf 86' lang='grc' dir='ltr'><strong><em>ρισμὸς</em></strong></span> <span class='ocrx_word' id='word_1_289' title='bbox 505 4155 662 4215; x_wconf 84' lang='grc' dir='ltr'><strong><em>Ὀδυσσέως</em></strong></span> <span class='ocrx_word' id='word_1_290' title='bbox 686 4159 796 4210; x_wconf 68' lang='grc' dir='ltr'><strong><em>πίνεται</em></strong></span> <span class='ocrx_word' id='word_1_291' title='bbox 817 4154 891 4226; x_wconf 89' lang='grc' dir='ltr'><strong><em>πρὸς</em></strong></span> <span class='ocrx_word' id='word_1_292' title='bbox 912 4155 963 4211; x_wconf 87' lang='grc' dir='ltr'><strong><em>τὸν</em></strong></span> <span class='ocrx_word' id='word_1_293' title='bbox 989 4157 1088 4211; x_wconf 81' lang='grc' dir='ltr'><strong><em>ἑαυτοῦ</em></strong></span> <span class='ocrx_word' id='word_1_294' title='bbox 1116 4163 1224 4258; x_wconf 86' lang='grc' dir='ltr'><strong><em>ποτέρα</em></strong></span> <span class='ocrx_word' id='word_1_295' title='bbox 1250 4161 1390 4257; x_wconf 86' lang='grc' dir='ltr'><strong><em>Λαέρτην.</em></strong></span> 
     </span>
    </p>
   </div>
   <div class='ocr_carea' id='block_1_16' title="bbox 384 4235 1394 4390">
    <p class='ocr_par' dir='ltr' id='par_1_16' title="bbox 384 4235 1394 4390">
     <span class='ocr_line' id='line_1_41' title="bbox 384 4235 1394 4314; baseline 0.009 -27"><span class='ocrx_word' id='word_1_296' title='bbox 384 4237 431 4287; x_wconf 86' lang='grc' dir='ltr'><strong><em>καὶ</em></strong></span> <span class='ocrx_word' id='word_1_297' title='bbox 448 4235 572 4308; x_wconf 86' lang='grc' dir='ltr'><strong><em>ταραχήν</em></strong></span> <span class='ocrx_word' id='word_1_298' title='bbox 588 4242 648 4296; x_wconf 82' lang='grc' dir='ltr'><strong><em>τοῖς</em></strong></span> <span class='ocrx_word' id='word_1_299' title='bbox 661 4235 834 4305; x_wconf 84' lang='grc' dir='ltr'><strong><em>Ἰθακησίοις</em></strong></span> <span class='ocrx_word' id='word_1_300' title='bbox 849 4241 1035 4311; x_wconf 74' lang='grc' dir='ltr'><strong><em>νει-ενημένην</em></strong></span> <span class='ocrx_word' id='word_1_301' title='bbox 1046 4239 1096 4293; x_wconf 73' lang='grc' dir='ltr'><strong><em>ἐπὶ</em></strong></span> <span class='ocrx_word' id='word_1_302' title='bbox 1107 4242 1141 4314; x_wconf 73' lang='grc' dir='ltr'><strong><em>τῇ</em></strong></span> <span class='ocrx_word' id='word_1_303' title='bbox 1159 4243 1215 4296; x_wconf 82' lang='grc' dir='ltr'><strong><em>τῶν</em></strong></span> <span class='ocrx_word' id='word_1_304' title='bbox 1225 4238 1394 4314; x_wconf 87' lang='grc' dir='ltr'><strong><em>μνηστήρων</em></strong></span> 
     </span>
     <span class='ocr_line' id='line_1_42' title="bbox 385 4311 777 4390; baseline 0.01 -22"><span class='ocrx_word' id='word_1_305' title='bbox 385 4311 529 4390; x_wconf 80' lang='grc' dir='ltr'><strong><em>ἀναιρέσει</em></strong></span> <span class='ocrx_word' id='word_1_306' title='bbox 548 4315 653 4385; x_wconf 80' lang='grc' dir='ltr'><strong><em>Ἀθηνᾶ</em></strong></span> <span class='ocrx_word' id='word_1_307' title='bbox 671 4316 777 4372; x_wconf 80' lang='grc' dir='ltr'><strong><em>κωλύει.</em></strong></span> 
     </span>
    </p>
   </div>
   <div class='ocr_carea' id='block_1_17' title="bbox 735 4458 936 4467">
    <p class='ocr_par' dir='ltr' id='par_1_17' title="bbox 735 4458 936 4467">
     <span class='ocr_line' id='line_1_43' title="bbox 735 4458 936 4467; baseline -0.005 -1"><span class='ocrx_word' id='word_1_308' title='bbox 735 4458 936 4467; x_wconf 60' lang='lat' dir='ltr'><strong><em>m</em></strong></span> 
     </span>
    </p>
   </div>
   <div class='ocr_carea' id='block_1_18' title="bbox 0 0 1520 5242">
    <p class='ocr_par' dir='ltr' id='par_1_18' title="bbox 0 0 1520 5242">
     <span class='ocr_line' id='line_1_44' title="bbox 0 0 1520 5242; baseline 0 1"><span class='ocrx_word' id='word_1_309' title='bbox 0 0 1520 5242; x_wconf 95' lang='lat' dir='ltr'><strong><em> </em></strong></span> 
     </span>
    </p>
   </div>
  </div>
 </body>
</html>
