3032 5242
1267 387 1288 456 5

279 544 384 681 ’ἕΕρμοῦ
406 541 559 617 φάρμακον
576 544 668 613 λαβών
685 544 716 600 τὸ
734 547 826 620 μώλυ,
850 547 897 600 καλ
915 542 985 618 παρ’
1006 543 1074 618 αὐτῇ
1093 543 1143 598 τὸν
1160 543 1289 601 ἐνιαυτὸν

294 644 398 699 μεινεν.

179 752 229 814 Λ.
285 745 405 814 νέκυια.
941 762 944 768 ·
1292 763 1329 824 11

249 867 420 924 άπαστέλλει
438 869 499 927 πώς
515 868 586 922 κατά
605 873 711 940 Κίρκης
733 867 847 928 ἐντολάς
865 863 997 964 ελςῖλιδου
1014 869 1165 935 κατῆλθεν,
1188 869 1235 922 καλ
1253 865 1290 930 ώς

280 967 382 1041 ἤκουσε
401 976 548 1044 Τειρεσίου
570 975 619 1026 τοῦ
636 971 764 1046 μάντεως
786 975 852 1046 περὶ
870 973 927 1040 τῆς·
939 972 1038 1026 ἑαυτοῦ
1061 974 1107 1024 καὶ
1125 973 1181 1025 τών
1198 967 1289 1026 ἄλλων

280 1054 399 1127 ἑταίρων
417 1060 567 1126 σωτηρίας,
587 1052 670 1106 καὶ
651 1073 688 1113 ως
705 1052 770 1113 τοὺς
786 1047 877 1125 ἥρωας
894 1055 940 1105 καλ
957 1050 1008 1112 τάς
1025 1049 1148 1124 ἡρωίδας
1165 1051 1240 1107 ελδεν
1257 1054 1288 1107 ἐν

285 1129 370 1188 Ἅδον
386 1133 433 1187 καὶ
451 1131 502 1203 τὴν
518 1137 625 1208 μητέρα
646 1136 766 1187 καὶτῶν
784 1136 823 1193 είς
837 1128 925 1186 Ἰλιον
947 1129 1177 1202 στρατευσάντων
1198 1134 1289 1194 ἐνίους

279 1239 325 1291 καλ
343 1239 398 1292 τῶν
415 1237 447 1291 ἐν
465 1231 549 1294 Αδου
566 1238 761 1308 κολαζομένων
777 1233 861 1295 τινάς.

179 1378 231 1440 Μ.
276 1374 438 1463 Σειρῆνες,
460 1371 598 1452 Σκύλλα,
619 1370 803 1460 Χάρυβδις,
825 1370 904 1459 βόες
924 1321 1027 1460 ἡλίου.
1139 1341 1143 1349 ἐ
1290 1365 1364 1438 12,

248 1494 387 1562 διησεῖται
404 1492 455 1563 τὴν
466 1494 495 1557 ἐξ
513 1491 597 1551 Ἅδου
608 1491 809 1567 τεναμένην’
777 1514 851 1564 αυτῳ
838 1491 1010 1549 ἐπάνοδον
1021 1491 1094 1564 πρὸς
1105 1497 1221 1562 Κίρκην,
1239 1495 1286 1546 καλ

279 1583 317 1647 ώς
334 1585 531 1659 τάςΣειρῆνας
549 1588 728 1660 παρέπλευσε
745 1590 791 1640 καὶ
809 1585 858 1647 τάς
876 1582 1019 1643 πλατκτάς
1036 1586 1141 1657 πέτρας
1157 1582 1286 1638 Σκύλλαν

278 1683 308 1720 τε
326 1669 372 1720 καλ
391 1665 547 1740 Χάρυβδιν,
567 1671 613 1722 καλ
630 1666 682 1736 τὴν
698 1670 746 1736 τῆς
763 1663 849 1720 αὑτοῦ
871 1664 940 1725 νεώς
956 1668 1003 1719 καὶ
1020 1668 1076 1721 τών
1093 1661 1244 1738 ἑταίρων’
1228 1683 1285 1718 απ-

278 1743 379 1802 ώλειαν
396 1745 553 1804 άνελόντων
570 1748 649 1808 τινάς
666 1752 723 1804 τών
739 1745 820 1818 ηλίου
836 1749 924 1815 βοῶν,
947 1743 1030 1800 καλ“
1011 1766 1048 1806 ως
1064 1744 1154 1819 μόνος
1171 1747 1220 1800 ἐπὶ
1237 1743 1285 1808 ἐά-

279 1829 329 1880 λου
347 1827 420 1901 πρὸς
436 1827 564 1899 Καλυψώ
583 1827 717 1896 διεσώθη.

174 1953 216 2012 Ν.
272 1942 455 2071 Ὀδυσσέως
485 1943 662 2027 άπόπλους
694 1947 788 2034 παρά
816 1945 974 2014 Φαιάκων
999 1947 1057 2014 καὶ
1080 1942 1196 2036 ὔφιξις
1218 1943 1266 2026 εἷς
1290 1954 1328 2016 13

301 2047 438 2138 Ιθάκην.

243 2167 424 2241 κοιμώμενον
438 2167 576 2227 Ὀδυσσέα
592 2171 664 2244 μετά
687 2174 743 2227 τών
760 2171 861 2242 δώρων
878 2170 1039 2227 ἐκτιθέασιν
1057 2175 1085 2225 οἱ
1104 2175 1228 2231 Φαίακες
1244 2173 1285 2230 ελς

275 2251 328 2321 την
343 2255 397 2320 τῆν
414 2256 468 2308 τών
484 2250 663 2320 Ἰθακησίων·
688 2257 735 2307 καλ
752 2253 804 2322 τὴν
820 2253 874 2326 μὲν
891 2255 961 2308 ναῦν
978 2249 1069 2307 αὐτῶν
1086 2249 1282 2323 ὑποστρέφου-

276 2350 331 2389 σαν
351 2337 436 2388 λίθον
458 2340 539 2388 ποιεῖ
558 2334 722 2397 Ποσειδῶν,
753 2333 858 2402 Ἀθηνᾶ
880 2335 912 2390 δὲ
939 2335 988 2388 ἐπὶ
1010 2336 1049 2404 τῷ
1076 2337 1195 2402 αλιιαλῴ
1223 2328 1283 2387 ὔντι

273 2415 408 2472 Ὀδυσσεῖ
424 2413 606 2488 συμβουλεύει
624 2418 689 2488 περὶ
707 2419 755 2484 τῆς
765 2423 1022 2491 μνηστηροφονίας,
1042 2418 1088 2469 καλ
1101 2413 1133 2468 τά
1149 2411 1283 2487 χρηματα

276 2499 306 2552 ἔν
322 2515 379 2552 τινι
397 2501 526 2567 σπηλαίῳ
550 2493 741 2572 άποκράπτει,
765 2500 812 2551 καλ
835 2499 875 2556 ελς
890 2499 1010 2570 τέροντα
1031 2501 1217 2568 μεταμορηιοῑ
1232 2494 1284 2550 τὸν

272 2577 420 2633 Ὀδυσσέα.

175 2695 212 2771 Ξ.
274 2693 456 2777 Ὀδυσσέως
478 2698 564 2783 πρὸς
585 2692 738 2784 Εὔμαιον
760 2693 887 2784 ὁμιλία.
1286 2695 1324 2754 14

243 2818 374 2893 ξενισμὸς
388 2818 547 2880 Ὀδυσσέως
562 2825 670 2876 σίνεται
688 2819 774 2891 ἐντῷ
791 2819 869 2892 άνρῷ
887 2819 964 2893 παρά
977 2817 1096 2893 Εὐμαίῳ
1115 2820 1153 2888 τῷ
1172 2814 1282 2890 συβώτη

275 2896 368 2953 αὔτοῦ.
405 2900 543 2969 διησεῖται
560 2902 591 2956 δέ
610 2901 684 2972 αὐτῷ
698 2901 852 2963 Ὀδυσσεὺς
863 2901 953 2955 πολλά
971 2899 990 2955 ἃ
1008 2903 1163 2966 πέπονθεν,
1182 2896 1282 2954 ἀττέλ-

274 2985 331 3037 λων
348 2984 395 3034 καλ
411 2979 464 3050 τὴν
479 2979 635 3044 Ὀδυσσέως
652 2980 805 3039 ἐπάνοδον.

178 3105 214 3169 0.
277 3099 466 3192 Τηλεμάχου
490 3103 575 3193 πρὸς
596 3099 747 3189 Εὔμαιον
766 3099 894 3195 ὔφιξις.
1286 3117 1324 3178 15

244 3225 410 3296 Τηλέμαχον
422 3220 527 3292 Ἀθηνᾶ
547 3219 616 3298 ὔναρ
635 3225 777 3280 ἐπιστᾶσα
796 3229 835 3286 είς
849 3223 965 3293 Ἰθάκην
982 3225 1149 3280 ἐπανελθεῖν
1160 3223 1281 3297 προτρέ-

274 3322 368 3358 πεται·
388 3301 419 3366 ὃς
436 3306 515 3380 δώρα
527 3306 605 3378 παρά
619 3304 769 3361 Μενελάου
782 3304 873 3376 λαβὼν
888 3311 1038 3380 πέμπεται.
1075 3309 1121 3359 καὶ
1138 3307 1281 3378 ἐμβαίνειν

272 3388 383 3458 μέλλων
400 3390 440 3446 είς
456 3386 508 3456 την
524 3389 592 3442 ναῦν
606 3385 798 3462 Θεοκλύμενόν
815 3407 878 3444 τινα
890 3389 1018 3463 Ἀρι-ελον
1033 3385 1137 3460 μάντιν
1154 3383 1280 3457 άναλαμ-

273 3463 352 3536 βάνει
369 3469 418 3521 ἐπὶ
435 3465 516 3539 φόνῳ
538 3463 688 3539 φεόσοντα.
725 3470 770 3521 καὶ
793 3467 922 3540 Εὔμαιος
935 3468 1069 3524 Ὀδυσσεῖ
1089 3469 1226 3536 διητεῖται
1244 3463 1282 3525 ώς

276 3554 408 3608 Φοίνικες
425 3548 512 3602 αὐτὸν
532 3545 699 3619 ληισάμενοι
720 3550 751 3603 ἐκ
767 3554 873 3622 Συρίας
889 3547 977 3619 νήσου
995 3547 1137 3607 ἀπέδοντο
1156 3550 1279 3621 Λαέρτη.

274 3627 357 3698 καλὴ
383 3627 548 3701 Τηλεμάχου
570 3631 638 3689 ναῦς
664 3626 814 3685 κατάνεται
835 3633 876 3690 ελς
894 3629 1019 3700 Ἰθάκην,
1048 3635 1094 3685 καλ
1117 3627 1219 3698 ταῦτην
1242 3632 1281 3688 εὶς

275 3706 345 3764 άστυ
362 3707 542 3783 ἀποπέμψας
560 3706 644 3770 αὐτὸς
663 3710 736 3784 πρὸς
752 3710 882 3785 Εὔμαιον
899 3713 1016 3786 ἔρχεται.

175 3852 218 3914 Π.
272 3843 518 3937 άνασνωρισμδς
534 3843 718 3928 ’Ὀδυσσέως
739 3843 808 3918 ὔπὸ
834 3849 1032 3940 Τηλεμάχου.
1285 3853 1324 3915 16

245 3972 407 4042 Τηλέμαχος
424 3969 497 4039 πρὸς
513 3963 645 4042 Εὔμαιον
667 3967 842 4068 ἀφικόμενος
858 3970 907 4028 τὸν
923 3973 977 4046 μὲν
994 3969 1163 4043 ἀποπέμπει
1180 3967 1280 4024 ἀντέλ-

275 4054 359 4105 λοντα
377 4068 409 4123 τη
427 4051 512 4124 μητρλ
524 4048 684 4123 Πηνελόπη,
703 4049 786 4112 αὐτὸς
803 4051 834 4106 δέ
851 4060 992 4124 σνωρίσας
1008 4052 1058 4106 τὸν
1075 4057 1182 4126 πατέρα
1198 4049 1281 4118 Ἀθη·

274 4135 326 4192 νάς
343 4134 508 4214 προαιρέσει
528 4131 580 4186 σὺν
598 4132 694 4230 ἐκείνην
713 4132 764 4202 την
784 4151 853 4187 κατα
872 4135 927 4187 τών
947 4131 1114 4230 μνηστήρων
1131 4135 1283 4203 ἐπιβουλὴν

276 4207 433 4267 σκέπτεται.
469 4215 516 4265 καλ
537 4215 600 4282 νῆες
622 4212 790 4270 κατάνονται
813 4218 854 4274 ελς
872 4211 1014 4282 Ἰθάκην“
1002 4209 1020 4281 η’
1038 4233 1066 4270 τε
1084 4220 1133 4271 τοῦ
1154 4212 1281 4284 Τηλεμά-

271 4311 329 4362 χου
345 4296 392 4345 καλ
414 4296 470 4348 τών
486 4292 753 4364 ἐπιβουλευσάντων.
787 4298 834 4349 καὶ
851 4294 916 4356 τοὺς
936 4301 1097 4368 μνηστῆρας
1114 4295 1200 4352 πάλιν
1217 4298 1281 4351 ἐπι-

270 4378 380 4444 χειρεῖν
398 4377 435 4444 τῷ
455 4372 608 4448 Τηλεμάχῳ
627 4376 846 4449 διανοουμένους
862 4376 997 4435 ἐκώλυσεν
1016 4378 1200 4451 Ἀαφίνομος.
1235 4380 1282 4432 καλ

274 4450 403 4526 Εὔμαιος
420 4451 594 4518 άπαιτείλας
615 4461 648 4532 τῇ
665 4454 817 4532 Πηνελόπη
839 4457 874 4512 τά
897 4461 963 4533 περὶ
983 4457 1147 4533 Τηλεμάχου
1170 4462 1210 4520 εἰς
1232 4459 1282 4514 τὸν

275 4531 366 4606 άνρὸν
382 4536 573 4610 ἐπανέρχεται.
