3032 5242
290 343 333 411 38
671 343 695 392 ε.
734 337 1020 392 mmmm

292 492 393 588 δίμφω
414 495 557 586 ειέσθην
578 492 690 584 κοίλην
711 493 771 562 ἐπὶ
792 494 854 582 νῆα
875 491 1023 561 νέεσθαι.

133 627 149 642 ·
238 625 277 669 ειι
291 597 429 687 Νέστωρ
453 594 485 666 δ’
508 591 549 664 αὖ
570 593 724 684 κατέρυκε
745 593 1005 680 καθαπτόμενος
1024 595 1208 664 εεπέεσσιν.

286 697 397 780 “Ζεύς
416 697 457 767 τό
477 696 510 765 τ’
533 694 703 786 ἀλεξήσειε
723 696 781 764 καὶ
805 693 972 766 άθάνατυι
994 697 1074 766 θεοὶ
1096 693 1205 781 άλλοι,

291 799 336 883 ὡς
356 798 448 886 ὑμεῖς
469 796 551 889 παρ’
573 799 664 885 ἐμεῖο
685 799 774 888 θοήν
796 799 855 868 ἐπὶ
877 800 938 888 νῆα
959 796 1067 868 κίοιτε

291 901 337 983 υἵς
356 902 394 972 τέ
412 894 511 992 τευιή
533 903 627 991 παρά
649 900 794 986 πάμπαν
816 897 989 986 άεείμυνυς
1009 897 1069 991 ἠδέ
1090 903 1259 991 πενιχροῦ,

291 996 320 1094 ᾧ
342 999 381 1072 οῖ
401 1029 436 1072 τι
455 991 588 1088 χλαῖναι
609 1002 668 1071 καί
690 1002 790 1093 ρήεεα
811 999 910 1072 πόλλ’
932 1002 980 1071 ένὶ
1000 1002 1120 1094 τοίκηι,

239 1129 278 1173 εω
293 1102 362 1174 οἵτ’
385 1103 475 1195 αάτηῖ
496 1101 651 1192 μαλακῶς
672 1103 747 1173 οότε
768 1103 926 1187 ξείνοισιν
946 1103 1096 1174 ένεόδειν.

292 1204 395 1296 αὐτάρ
417 1207 494 1294 ἐμοὶ
516 1206 609 1297 πάρα
629 1208 693 1297 μήν
713 1208 843 1293 χλαῖναι
864 1207 922 1276 καὶ
944 1205 1045 1298 ῥήεεα
1065 1207 1162 1276 καλά.
1259 1257 1262 1264 »

293 1305 333 1378 οῖ
354 1316 421 1399 θην
443 1310 484 1398 δή
506 1306 599 1378 τοῖνδ’
623 1305 741 1399 άνδρδς
766 1305 944 1399 Ὀδυσσῆος
965 1309 1065 1400 φίλος
1085 1306 1157 1391 υῖός

215 1467 216 1472 ,
293 1413 369 1502 νηὸς
390 1407 445 1480 ἐπ’
470 1409 620 1504 ἰκριόφιν
641 1410 871 1494 καταλέξεται,
895 1409 972 1502 όφρ’
995 1407 1034 1479 ἂν
1055 1411 1119 1480 ίικό
1139 1438 1178 1480 τε

295 1511 382 1596 ζάω,
405 1509 523 1581 ἔπειτα
546 1515 583 1582 δὲ
604 1513 724 1593 παῖδες
745 1512 794 1581 ένὶ
814 1511 990 1602 μετάροισι
1011 1509 1191 1596 λίπωνται,

241 1612 417 1697 ειεξείνυυς
438 1613 600 1698 ξεινίζειν,
624 1613 662 1695 ὅς
681 1611 734 1696 τίς
755 1611 787 1682 κ’
809 1615 873 1701 ἐμά
895 1610 1030 1699 δείμαθ’
1055 1611 1196 1704 ἵκηται.”

336 1717 393 1785 τὸν
415 1713 448 1784 δ’
472 1709 549 1785 αὖτε
571 1715 775 1806 προσέεειπε
795 1717 863 1784 θεά
883 1717 1078 1797 Γλαυκῶπις
1100 1714 1226 1808 Ἀθήνη

289 1809 352 1886 “213
375 1819 416 1908 δή
438 1817 542 1886 ταῦτά
562 1815 595 1885 τ’
619 1815 771 1909 ἔφησθα,
795 1817 891 1909 τέρον
911 1816 1003 1909 φίλε·
1026 1817 1082 1886 σοὶ
1105 1818 1142 1887 δέ
1162 1818 1312 1888 εότοικεν

299 1919 491 2009 Τηλέμαχον
513 1918 717 2003 πείθεσθαι,
741 1919 817 1988 ἐπεὶ
839 1921 926 1987 πολὺ
948 1919 1084 1988 κάλλιον
1106 1917 1217 2002 οὕτως.
1275 1939 1278 1946 “

297 2018 370 2090 ἄλλ’
394 2015 490 2104 οὗτος
511 2023 571 2109 μὲν
592 2024 645 2090 νῦν
666 2023 723 2091 σοί
745 2018 805 2108 ἅμ’
827 2021 962 2109 ἕψεται,
987 2019 1075 2113 όφρα
1097 2047 1151 2089 κεν
1173 2019 1252 2114 εὕδῃ

243 2149 283 2220 τευ
297 2129 405 2193 σοῖσιν
426 2124 474 2210 ένί
495 2124 703 2214 μετάροισιν·
726 2124 791 2193 ἔτι)
814 2114 845 2192 δ’
869 2123 929 2211 ἐπὶ
949 2123 1011 2214 νῆα
1031 2125 1187 2209 μέλαιναν

296 2220 372 2312 εἶμ’,
394 2229 449 2294 ἵνα
470 2227 626 2316 θαρσύνω
648 2223 687 2295 θ’
711 2224 847 2314 ἑτάρους
867 2222 975 2294 εείπω
996 2251 1032 2294 τε
1052 2227 1206 2296 εέκαστα.

296 2321 369 2409 οἶος
388 2330 451 2419 τάρ
472 2331 555 2415 μετὰ
576 2334 666 2398 τοῖσι
687 2325 874 2416 τεραίτερος
895 2323 1032 2413 εόχομαι
1059 2321 1159 2396 εἶναι·

295 2427 328 2499 οῖ
350 2427 382 2498 δ’
405 2428 502 2500 άλλοι
524 2430 680 2525 φιλότητι
702 2430 855 2519 νεώτεροι
878 2425 993 2519 άνδρες
1015 2429 1168 2514 ἵπονται,

295 2531 418 2615 πάντες
440 2531 597 2624 ὁμηλικίη
619 2533 817 2620 μεν-αθόμυυ
845 2531 1060 2623 Τηλεμάχοιο.

242 2660 281 2703 εει
296 2630 382 2703 ἔνθα
402 2661 441 2703 κε
461 2635 618 2726 λεξαίμην
639 2633 732 2726 κοίλη
756 2635 848 2724 παρὰ
870 2635 922 2726 νηὶ
944 2633 1080 2726 μελαίνῃ

294 2738 363 2804 νῦν·
386 2733 469 2826 άτάρ
490 2734 603 2828 ἠῶθεν
623 2737 710 2822 μετὰ
730 2737 912 2816 Καύκωνας
933 2736 1147 2822 μεν-αθόμους

296 2831 375 2922 εἶμ’,
398 2835 483 2905 ἔνθα
503 2839 611 2928 χρεῖός
632 2864 692 2924 μοι
715 2836 904 2929 ὀφέλλεται,
929 2835 968 2907 οἵ
988 2865 1023 2906 τι
1045 2837 1115 2906 νέον
1135 2865 1174 2907 τε

296 2935 366 3006 οὐδ’
390 2935 508 3008 ὂλίτον.
554 2942 593 3007 σύ
616 2939 654 3007 δὲ
675 2941 802 3022 τοῦτον,
825 2939 902 3008 ἐπεὶ
922 2941 997 3008 τεδν
1018 2943 1107 3009 ἵκετο
1130 2943 1238 3027 δῶμα,

296 3039 436 3130 πέμψον
458 3043 512 3124 ξδν
534 3041 645 3132 δίφρῳ
665 3067 701 3110 τε
723 3041 780 3109 καὶ
801 3038 880 3110 υῖέι·
903 3043 961 3123 δὸς
984 3042 1021 3110 δέ
1039 3069 1097 3111 τοι
1118 3045 1246 3124 ἵππους

242 3168 283 3208 ειυ
298 3145 333 3211 οἵ
351 3168 407 3211 τοι
429 3143 650 3235 ἐλαφρότατοι
673 3140 781 3212 θείειν
803 3144 859 3211 καὶ
881 3143 1001 3233 κάρτος
1024 3141 1189 3232 άριστοι”.

338 3236 383 3325 ὦς
405 3242 470 3334 άρα
492 3242 662 3336 φωνήσασ>
686 3243 797 3336 άπόβη
818 3247 1011 3326 τλαυκῶπις
1033 3243 1159 3338 Ἀθήνη

295 3345 381 3438 φήνη
402 3348 596 3438 κεκλομένη·-
615 3347 751 3434 θάμβυς
774 3345 804 3416 δ’
829 3347 882 3416 ἵλε
904 3346 1033 3428 πάντας
1055 3345 1195 3430 ἰδόντας.

295 3448 466 3532 θαύμαζεν
488 3447 520 3517 δ’
543 3445 561 3516 δ
582 3449 730 3537 τεραιός,
754 3447 847 3530 ὅπως
867 3448 960 3517 είδεν
983 3446 1227 3541 ὀφθαλμοῖσιν·

301 3549 492 3640 Τηλεμάχου
516 3547 550 3617 δ’
572 3551 626 3618 ἵλε
647 3555 751 3640 χεῖρα,
773 3550 878 3631 εέπος
898 3550 931 3618 τ’
953 3549 1052 3642 ἔφατ’
1075 3549 1112 3620 ἕκ
1133 3551 1164 3620 τ’
1188 3551 1355 3639 ὀνόμαζεν.

242 3645 346 3722 ειεῖῑυῖ
367 3649 480 3743 φίλος,
504 3649 544 3720 οἵ
565 3677 603 3721 σε
623 3652 772 3721 εέτολπα
793 3655 895 3722 κακόν
917 3653 975 3721 καὶ
998 3649 1132 3723 άναλκιν
1154 3653 1312 3740 ἔσεσθαι,

296 3751 326 3821 εἰ
349 3752 390 3842 δή
411 3779 466 3822 τοι
488 3756 550 3845 νέην
572 3747 638 3822 ὧδε
660 3757 739 3823 θεοὶ
761 3758 917 3845 πομπῆες
940 3755 1090 3824 ἕπονται.

296 3850 334 3922 οὐ
355 3855 420 3944 μήν
439 3855 502 3945 τάρ
523 3882 577 3936 τις
599 3855 651 3924 ὅδ’
676 3855 774 3940 άλλος
801 3857 966 3943 Ὀλύμπια
989 3856 1116 3946 δώματ’
1140 3858 1291 3943 ἐχόντων,

297 3953 381 4025 άλλό
403 3960 490 4040 Διός
510 3958 662 4050 θυι-άτηρ
684 3958 820 4051 κυδίστη
841 3959 1059 4050 τριτυτένεια,

296 4057 318 4148 ή
338 4083 394 4127 τοι
415 4060 473 4128 καὶ
496 4059 613 4149 πατέρ’
636 4062 758 4131 ἐσθλόν
780 4063 813 4130 ἐν
836 4060 1038 4151 Ἀρεείοισιν
1059 4063 1166 4152 ἐτίμα.

242 4188 282 4228 εευ
298 4157 382 4229 άλλυλ
402 4161 541 4232 τάνασά
564 4167 675 4254 ἵληθι,
700 4161 826 4232 δίδωθι
850 4164 888 4233 δέ
907 4190 967 4250 μοι
989 4166 1083 4247 κλέος
1104 4158 1242 4250 ἐσθλόν,

298 4259 388 4351 αὐτῷ
409 4263 467 4332 καὶ
490 4262 650 4332 παίδεσσι
672 4265 729 4332 καί
753 4261 865 4357 αἰδοίη
887 4266 1081 4356 παρακοίτι.

295 4363 351 4432 σοὶ
375 4361 408 4432 δ’
431 4357 473 4433 αὖ
495 4365 559 4434 ἔτι)
583 4366 664 4456 ῥέξω
686 4369 765 4453 βοῦν
787 4362 858 4457 ήνιν
880 4366 1111 4458 εὐρυμέτωπον

296 4462 455 4556 άδμήτην,
478 4462 518 4558 ἣν
540 4463 579 4536 οῖ
600 4493 655 4534 πω
678 4463 745 4534 ὑπὸ
771 4469 866 4550 ζυτδν
888 4467 1009 4560 ήτατεν
1030 4470 1124 4563 ἀνήρ·
