3044 5232
275 325 340 390 218
642 327 683 374 ιι.
720 323 1004 376 ommam

272 474 302 544 εί
323 476 399 563 τάρ,
423 479 489 544 Ζεῦ
509 501 545 544 τε
566 476 673 563 πάτερ
695 475 752 544 καί
774 472 938 567 Ἀθηναίη
961 478 1018 546 καί
1039 475 1219 560 Ἄπολλον,

270 583 362 659 τοῖος
383 578 445 646 ἐιδν
467 569 540 658 οίός
560 576 639 648 ποτ’
662 577 834 669 ἐυκτιμένῃ
857 576 905 646 ἐνὶ
927 578 1057 668 Λέσβῳ

272 680 309 764 ἐξ
328 678 438 770 ἔριδος
460 681 685 772 Φιλομηλεΐδῃ
708 679 890 748 ἐπάλαισεν
912 677 1070 762 άναστάς,

220 809 259 850 ιιε
273 781 338 849 κάδ
360 778 391 849 δ’
414 778 529 868 ἔβαλεν
550 785 728 872 κρατερῶς,
751 782 925 871 κεχάροντο
948 782 986 850 δέ
1008 783 1130 863 πάντες
1153 779 1301 866 Ἀχαιοί,

271 887 360 964 τοῖος
382 882 443 950 ἐιδν
463 887 663 975 μνηστῆρσιν
685 882 874 974 ὁμιλήσειεν
892 881 1081 966 Ὀδυσσεύς·

273 985 394 1066 πάντες
414 982 447 1052 κ’
471 982 634 1074 ὠκύμοροί
655 1011 691 1054 τε
711 984 863 1053 νενσίατο
885 984 1094 1075 πικρόναμοί
1114 1011 1159 1053 τε.

271 1089 375 1154 ταῦτα
398 1085 429 1153 δ’
454 1085 476 1154 δι’
496 1084 535 1173 μ’
556 1086 694 1178 εἰρωτᾷς
715 1087 773 1154 καί
794 1084 940 1169 λίσσεαι,
964 1085 1023 1156 σύκ
1046 1083 1087 1155 ι’ίν
1108 1084 1174 1155 ἐνιό
1194 1111 1234 1154 τε

274 1183 357 1255 άλλα
378 1189 487 1277 παρὲκ
508 1187 664 1275 νείποιμι
687 1189 910 1278 παρακλιδόν,
934 1185 1008 1258 οὐδ’
1031 1185 1206 1278 ἀπατήσω,

220 1315 260 1355 ιω
273 1287 356 1356 ἄλλά
377 1292 419 1357 τά
440 1292 500 1376 μέν
520 1317 580 1377 μοι
604 1288 719 1358 ἔρειπε
739 1289 843 1378 κέρων
865 1287 958 1371 ἅλιος
974 1288 1149 1381 νημερτής,

272 1398 338 1458 τοῖν
359 1389 454 1461 οὐδέν
474 1417 527 1461 τοι
550 1391 614 1460 ἐπιδ
636 1391 752 1478 κρύψιν
774 1391 876 1474 τόπος
897 1388 970 1460 οὐδ’
992 1392 1168 1462 ἐπικεύσω.

274 1495 322 1584 φῆ
341 1519 400 1577 μιν
422 1493 442 1561 ό
462 1492 494 1561 τ’
516 1491 549 1562 ἐν
570 1494 658 1584 νήσφ
678 1495 805 1561 νιόέειν
826 1490 956 1583 κρατέρ’
980 1491 1070 1562 δι’λνέ
1093 1491 1223 1576 ἔχοντα,

274 1593 401 1684 νύμφης
422 1594 456 1663 ἐν
476 1595 652 1682 μετάροισι
673 1596 868 1684 Καλυψοῦς,
890 1593 913 1683 ἥ
933 1621 992 1680 μιν
1012 1591 1150 1686 οἶνόν-κηΙ

275 1693 372 1780 ἴσχει.
418 1691 437 1764 ὃ
460 1694 493 1764 δ’
514 1694 551 1766 σύ
575 1695 712 1764 δύναται
732 1697 793 1786 τήν
814 1694 963 1783 πατρίδα
982 1701 1082 1765 ταῖαν
1103 1694 1255 1766 ἱκέσθαι·

224 1823 263 1864 ιιι
279 1795 319 1876 ού,
337 1797 400 1886 νάρ
420 1823 476 1866 soc
499 1799 591 1887 πάρα
612 1799 686 1886 νῆες
708 1797 891 1887 ἐπήρετμοι
911 1798 969 1866 καὶ
990 1796 1130 1886 ἑταῖροι,

277 1901 313 1967 οἳ
332 1899 385 1968 κέν
405 1926 463 1985 μιν
484 1900 652 1986 πέμποιεν
674 1897 729 1968 ἐπ)
752 1897 846 1989 εὐρέα
867 1903 954 1968 νῶτα
976 1898 1170 1992 θαλάσσηςῖ

277 1994 321 2082 ὦς
343 2000 438 2094 ἔφατ’
461 1999 634 2092 Ἀτρεΐδης
655 2004 878 2090 δουρικλειτὸς
899 2002 1079 2084 Μενέλαος.

275 2108 380 2173 ταῦτα
401 2106 595 2196 τελευτήσας
615 2105 748 2196 νεόμην·
771 2102 891 2172 ἔδοσαν
914 2104 951 2172 δό
971 2130 1033 2190 μοι
1055 2098 1149 2193 ούρσν

278 2204 459 2290 άθάνατοι,
481 2205 536 2276 τοί
555 2207 592 2293 μ’
616 2201 688 2274 ὦκα
709 2206 808 2297 φίλην
829 2207 865 2287 ἐς
885 2205 1021 2294 πατρίδ’
1045 2204 1231 2299 ἐπεμψαν.”

224 2338 263 2379 ιιι
319 2302 365 2391 ὧς
385 2310 486 2401 φάτο,
508 2313 549 2400 τῇ
572 2307 605 2377 δ’
628 2306 692 2400 ι’ίρα
714 2311 824 2395 θυμόν
845 2310 895 2378 ἐνὶ
917 2309 1098 2399 στήθεσσιν
1111 2305 1234 2399 όρινεν.

275 2416 364 2480 τοῖσι
388 2411 425 2480 δὲ
446 2413 504 2480 καὶ
525 2412 702 2498 μετένειπε
727 2412 948 2497 Θεοκλύμενος
969 2411 1148 2502 θεσεειδής

272 2506 326 2580 “d
345 2513 442 2582 Γύναι
464 2512 576 2605 αἰδοίη
600 2513 821 2604 Λαερτιάδεω
841 2511 1011 2604 Ὀδυσῆος,

276 2609 296 2706 ή
317 2641 373 2686 τοι
396 2615 464 2686 ὅτ’
489 2614 528 2685 ού
549 2616 644 2707 σάφα
663 2617 790 2698 εσῖδεν,
813 2615 904 2701 ἐμεῖο
927 2617 964 2684 δὲ
986 2615 1107 2686 σύνθεο
1128 2617 1249 2702 μύθου·

278 2715 438 2806 άτρεκέως
458 2719 520 2808 νάρ
541 2744 596 2787 τοι
618 2719 842 2804 μαντεύσομαι
865 2715 936 2786 οὐδ’
959 2717 1135 2787 ἐπικεύσω.

226 2843 265 2884 ιιι
278 2816 381 2886 είστω
403 2821 457 2886 νῦν
477 2821 561 2900 Ζεύς
583 2823 700 2910 πρῶτα
722 2823 820 2900 θεῶν,
843 2818 929 2911 ξενίη
952 2846 988 2888 τε
1008 2819 1172 2911 τράπεζα,

279 2918 367 3009 ἱστίη
389 2917 420 2986 τ’
439 2917 596 3011 Ὀδυσῆος
617 2921 784 3008 άμύμονος
805 2915 844 3012 ῆν
864 2920 1034 3012 άφικάνω,

279 3019 325 3102 ιύς
345 3013 368 3110 ἦ
388 3048 443 3090 τοι
461 3019 615 3104 Ὀδυσεύς
635 3020 698 3114 ἤδη
721 3021 755 3091 ἐν
777 3022 918 3113 πατρίδι
939 3021 1033 3115 τοίη,

278 3122 394 3215 ἥμενος
414 3120 437 3214 ῆ
458 3123 582 3216 ἕρπων,
603 3127 685 3193 τάδε
707 3125 915 3211 πευθόμενος
935 3127 1022 3193 κακά
1043 3125 1157 3212 πόρνα,

279 3225 382 3308 ἔστιν,
408 3223 491 3317 ἀτὰρ
512 3230 694 3318 μνηστῆρσι
716 3229 817 3295 κακόν
837 3227 1002 3296 πάντεσσι
1023 3222 1184 3316 φυτεύεκ”

226 3356 265 3395 ιιι
320 3331 378 3398 τδν
400 3326 431 3396 δ’
456 3323 533 3398 αὖτε
555 3331 760 3419 προσέεειπε
781 3327 952 3420 περίφρων
973 3328 1186 3419 Πηνελόπεια

275 3427 332 3498 “el
351 3432 415 3519 τδρ
436 3435 549 3514 τοῦτο,
572 3433 667 3514 ξεῖνε,
689 3429 793 3511 τόπος
814 3432 1040 3516 τετελεσμένον
1062 3428 1128 3520 ε’ίη·

281 3534 329 3619 τῷ
350 3557 388 3598 κε
408 3532 491 3615 τάχα
512 3531 621 3624 ννοίης
643 3531 807 3624 φιλότητά
828 3555 864 3600 τε
885 3531 993 3601 πολλά
1013 3557 1050 3600 τε
1072 3534 1160 3625 δῶρα

228 3662 268 3704 ιιι
283 3633 320 3715 ἐξ
339 3634 429 3719 ἐμεῦ,
452 3631 499 3714 ὡς
521 3631 561 3702 άν
582 3634 633 3716 τίς
654 3658 693 3702 σε
713 3634 948 3718 συναντόμενος
968 3629 1177 3721 μακαρίζοιί)

323 3728 368 3817 ὦς
388 3731 424 3804 οἳ
440 3735 500 3821 μὲν
520 3740 658 3806 τοιαῦτα
680 3738 766 3826 πρὸς
788 3732 946 3824 άλλήλονς
967 3732 1139 3823 όνόρευον,

280 3839 458 3929 μνηστῆρες
481 3838 517 3906 δὲ
539 3838 708 3928 πάροιθεν
726 3835 905 3927 Ὀδυσσῆος
925 3837 1086 3927 μενάροιο

283 3939 450 4010 δίσκοισιν
470 3938 632 4031 τέρποντο
652 3941 709 4008 καὶ
732 3934 1059 4028 αίτανέησιν-ίόντες,

282 4042 316 4110 ἐν
336 4044 443 4132 τυκτῷ
465 4042 617 4131 δαπέδῳ,
641 4040 705 4110 ὅθι
727 4064 790 4127 περ
811 4041 920 4134 πάρος
940 4039 1036 4130 ύβριν
1058 4036 1199 4122 ἔχεσκον.

230 4165 268 4204 ιιι
285 4139 356 4208 ἀλλ’
380 4143 436 4210 ότε
459 4145 497 4233 δή
522 4143 718 4233 δείπνηστος
739 4139 796 4231 ἐην
816 4142 875 4210 καὶ
896 4141 1047 4230 ἐπήλυθε
1068 4142 1156 4229 μῆλα

320 4383 367 4434 160
385 4386 465 4434 τοῖον
482 4379 553 4434 ἐνὼν
570 4381 673 4437 οἰωνὸν
689 4382 845 4454 ἐυσσέλμου
863 4382 912 4437 ἐπὶ
929 4379 996 4462 νηός

390 4461 493 4540 ἥμενος
510 4463 678 4540 ἐφρασάμην
695 4470 740 4519 καλ
760 4466 914 4540 Τηλεμάχῳ
932 4465 1092 4523 ἐγεγώνευν,
