<?xml version="1.0" encoding="UTF-8"?>
<!DOCTYPE html PUBLIC "-//W3C//DTD XHTML 1.0 Transitional//EN"
    "http://www.w3.org/TR/xhtml1/DTD/xhtml1-transitional.dtd">
<html xmlns="http://www.w3.org/1999/xhtml" xml:lang="en" lang="en">
 <head>
  <title>
</title>
<meta http-equiv="Content-Type" content="text/html;charset=utf-8" />
  <meta name='ocr-system' content='tesseract 3.04.00' />
  <meta name='ocr-capabilities' content='ocr_page ocr_carea ocr_par ocr_line ocrx_word'/>
</head>
<body>
  <div class='ocr_page' id='page_1' title='image "./carminahomerica03homegoog_0241.png"; bbox 0 0 3044 5232; ppageno 0'>
   <div class='ocr_carea' id='block_1_1' title="bbox 295 345 1025 428">
    <p class='ocr_par' dir='ltr' id='par_1_1' title="bbox 295 345 1025 428">
     <span class='ocr_line' id='line_1_1' title="bbox 295 345 1025 428; baseline -0.052 1"><span class='ocrx_word' id='word_1_1' title='bbox 295 349 360 428; x_wconf 62' lang='lat' dir='ltr'><em>v&#39;228</em></span> <span class='ocrx_word' id='word_1_2' title='bbox 658 354 700 401; x_wconf 83' lang='grc' dir='ltr'><em>ιτ.</em></span> <span class='ocrx_word' id='word_1_3' title='bbox 737 345 1025 400; x_wconf 72' lang='grc' dir='ltr'><em>σανεευιεεν</em></span> 
     </span>
    </p>
   </div>
   <div class='ocr_carea' id='block_1_2' title="bbox 242 493 1349 3849">
    <p class='ocr_par' dir='ltr' id='par_1_2' title="bbox 242 493 1349 3849">
     <span class='ocr_line' id='line_1_2' title="bbox 336 493 1197 590; baseline -0.021 -10"><span class='ocrx_word' id='word_1_4' title='bbox 336 514 394 580; x_wconf 85' lang='grc' dir='ltr'><em>τόν</em></span> <span class='ocrx_word' id='word_1_5' title='bbox 416 507 447 578; x_wconf 78' lang='grc' dir='ltr'><em>δ’</em></span> <span class='ocrx_word' id='word_1_6' title='bbox 471 501 549 576; x_wconf 86' lang='grc' dir='ltr'><em>αύτε</em></span> <span class='ocrx_word' id='word_1_7' title='bbox 569 503 771 590; x_wconf 72' lang='grc' dir='ltr'><em>προσέτιιπε</em></span> <span class='ocrx_word' id='word_1_8' title='bbox 793 497 964 590; x_wconf 77' lang='grc' dir='ltr'><em>περίφρων</em></span> <span class='ocrx_word' id='word_1_9' title='bbox 984 493 1197 587; x_wconf 79' lang='grc' dir='ltr'><strong><em>Πηνελόπεια</em></strong></span> 
     </span>
     <span class='ocr_line' id='line_1_3' title="bbox 292 597 1203 703; baseline -0.021 -20"><span class='ocrx_word' id='word_1_10' title='bbox 292 611 425 703; x_wconf 52' lang='grc' dir='ltr'><em>((έρχεο,</em></span> <span class='ocrx_word' id='word_1_11' title='bbox 450 611 543 698; x_wconf 85' lang='grc' dir='ltr'><em>δτύρσ</em></span> <span class='ocrx_word' id='word_1_12' title='bbox 566 607 732 688; x_wconf 82' lang='grc' dir='ltr'><em>κάλεσσον,</em></span> <span class='ocrx_word' id='word_1_13' title='bbox 755 600 797 672; x_wconf 72' lang='grc' dir='ltr'><em>ἵν’</em></span> <span class='ocrx_word' id='word_1_14' title='bbox 821 600 933 670; x_wconf 88' lang='grc' dir='ltr'><em>άντίον</em></span> <span class='ocrx_word' id='word_1_15' title='bbox 955 597 1054 679; x_wconf 88' lang='grc' dir='ltr'><em>αύτδς</em></span> <span class='ocrx_word' id='word_1_16' title='bbox 1075 597 1203 688; x_wconf 80' lang='grc' dir='ltr'><em>ἐνίσπῃ.</em></span> 
     </span>
     <span class='ocr_line' id='line_1_4' title="bbox 243 700 1088 801; baseline -0.021 -16"><span class='ocrx_word' id='word_1_17' title='bbox 243 752 283 794; x_wconf 64' lang='grc' dir='ltr'><em>τοι</em></span> <span class='ocrx_word' id='word_1_18' title='bbox 297 709 390 786; x_wconf 83' lang='grc' dir='ltr'><em>οὗτοι</em></span> <span class='ocrx_word' id='word_1_19' title='bbox 415 710 446 781; x_wconf 84' lang='grc' dir='ltr'><em>δ’</em></span> <span class='ocrx_word' id='word_1_20' title='bbox 467 709 506 801; x_wconf 84' lang='grc' dir='ltr'><em>ήέ</em></span> <span class='ocrx_word' id='word_1_21' title='bbox 527 707 653 798; x_wconf 85' lang='grc' dir='ltr'><em>θύρῃσι</em></span> <span class='ocrx_word' id='word_1_22' title='bbox 674 706 859 796; x_wconf 86' lang='grc' dir='ltr'><em>καθήμενοι</em></span> <span class='ocrx_word' id='word_1_23' title='bbox 883 700 1088 792; x_wconf 70' lang='grc' dir='ltr'><em>ἑψιαάσθων</em></span> 
     </span>
     <span class='ocr_line' id='line_1_5' title="bbox 296 802 1222 908; baseline -0.017 -23"><span class='ocrx_word' id='word_1_24' title='bbox 296 815 318 908; x_wconf 74' lang='grc' dir='ltr'><strong><em>ἢ</em></strong></span> <span class='ocrx_word' id='word_1_25' title='bbox 339 813 440 884; x_wconf 80' lang='grc' dir='ltr'><em>αὐτοῦ</em></span> <span class='ocrx_word' id='word_1_26' title='bbox 462 813 547 879; x_wconf 84' lang='grc' dir='ltr'><em>κατά</em></span> <span class='ocrx_word' id='word_1_27' title='bbox 570 805 707 895; x_wconf 74' lang='grc' dir='ltr'><em>δώματ’,</em></span> <span class='ocrx_word' id='word_1_28' title='bbox 732 805 809 876; x_wconf 80' lang='grc' dir='ltr'><em>ἐπεί</em></span> <span class='ocrx_word' id='word_1_29' title='bbox 831 827 931 896; x_wconf 88' lang='grc' dir='ltr'><em>σφισι</em></span> <span class='ocrx_word' id='word_1_30' title='bbox 953 804 1063 888; x_wconf 85' lang='grc' dir='ltr'><em>θυμὸς</em></span> <span class='ocrx_word' id='word_1_31' title='bbox 1085 802 1222 893; x_wconf 81' lang='grc' dir='ltr'><em>ἐύφρων.</em></span> 
     </span>
     <span class='ocr_line' id='line_1_6' title="bbox 296 903 1216 1003; baseline -0.018 -15"><span class='ocrx_word' id='word_1_32' title='bbox 296 915 401 988; x_wconf 77' lang='grc' dir='ltr'><em>αὐτῶν</em></span> <span class='ocrx_word' id='word_1_33' title='bbox 421 916 481 1003; x_wconf 81' lang='grc' dir='ltr'><em>μὲν</em></span> <span class='ocrx_word' id='word_1_34' title='bbox 502 915 564 1000; x_wconf 80' lang='grc' dir='ltr'><em>τδρ</em></span> <span class='ocrx_word' id='word_1_35' title='bbox 585 908 727 1000; x_wconf 79' lang='grc' dir='ltr'><strong><em>κτήματ’</em></strong></span> <span class='ocrx_word' id='word_1_36' title='bbox 751 907 900 999; x_wconf 77' lang='grc' dir='ltr'><strong><em>ἀκήρατα</em></strong></span> <span class='ocrx_word' id='word_1_37' title='bbox 922 903 1002 974; x_wconf 84' lang='grc' dir='ltr'><em>κεῖτ’</em></span> <span class='ocrx_word' id='word_1_38' title='bbox 1026 905 1074 973; x_wconf 81' lang='grc' dir='ltr'><em>ἑνί</em></span> <span class='ocrx_word' id='word_1_39' title='bbox 1095 903 1216 995; x_wconf 71' lang='grc' dir='ltr'><em>εοίκφ,</em></span> 
     </span>
     <span class='ocr_line' id='line_1_7' title="bbox 296 1004 1158 1103; baseline -0.016 -14"><span class='ocrx_word' id='word_1_40' title='bbox 296 1027 388 1101; x_wconf 88' lang='grc' dir='ltr'><em>σῖτος</em></span> <span class='ocrx_word' id='word_1_41' title='bbox 409 1018 467 1086; x_wconf 84' lang='grc' dir='ltr'><em>καὶ</em></span> <span class='ocrx_word' id='word_1_42' title='bbox 489 1015 577 1101; x_wconf 83' lang='grc' dir='ltr'><em>μέθυ</em></span> <span class='ocrx_word' id='word_1_43' title='bbox 599 1013 696 1103; x_wconf 71' lang='grc' dir='ltr'><em>εηδύ·</em></span> <span class='ocrx_word' id='word_1_44' title='bbox 718 1013 760 1079; x_wconf 88' lang='grc' dir='ltr'><em>τά</em></span> <span class='ocrx_word' id='word_1_45' title='bbox 783 1011 842 1096; x_wconf 82' lang='grc' dir='ltr'><em>μέν</em></span> <span class='ocrx_word' id='word_1_46' title='bbox 862 1010 994 1098; x_wconf 71' lang='grc' dir='ltr'><em>τοικήες</em></span> <span class='ocrx_word' id='word_1_47' title='bbox 1016 1004 1158 1090; x_wconf 74' lang='grc' dir='ltr'><em>ἔδουσιν,</em></span> 
     </span>
     <span class='ocr_line' id='line_1_8' title="bbox 297 1107 1139 1207; baseline -0.014 -18"><span class='ocrx_word' id='word_1_48' title='bbox 297 1117 334 1190; x_wconf 78' lang='grc' dir='ltr'><em>οἳ</em></span> <span class='ocrx_word' id='word_1_49' title='bbox 353 1117 387 1187; x_wconf 84' lang='grc' dir='ltr'><em>δ’</em></span> <span class='ocrx_word' id='word_1_50' title='bbox 411 1117 459 1199; x_wconf 83' lang='grc' dir='ltr'><em>είς</em></span> <span class='ocrx_word' id='word_1_51' title='bbox 479 1115 633 1207; x_wconf 86' lang='grc' dir='ltr'><em>ήμέτερσν</em></span> <span class='ocrx_word' id='word_1_52' title='bbox 656 1113 862 1197; x_wconf 81' lang='grc' dir='ltr'><em>πωλεύμενοι</em></span> <span class='ocrx_word' id='word_1_53' title='bbox 882 1107 992 1199; x_wconf 86' lang='grc' dir='ltr'><em>ήματα</em></span> <span class='ocrx_word' id='word_1_54' title='bbox 1015 1109 1139 1192; x_wconf 91' lang='grc' dir='ltr'><em>πάντα,</em></span> 
     </span>
     <span class='ocr_line' id='line_1_9' title="bbox 242 1205 1082 1311; baseline -0.019 -19"><span class='ocrx_word' id='word_1_55' title='bbox 242 1255 282 1298; x_wconf 76' lang='grc' dir='ltr'><em>τοι</em></span> <span class='ocrx_word' id='word_1_56' title='bbox 296 1225 376 1310; x_wconf 77' lang='grc' dir='ltr'><em>βοῦς</em></span> <span class='ocrx_word' id='word_1_57' title='bbox 398 1218 572 1311; x_wconf 71' lang='grc' dir='ltr'><em>ἱερεύοντες</em></span> <span class='ocrx_word' id='word_1_58' title='bbox 593 1215 650 1283; x_wconf 82' lang='grc' dir='ltr'><em>καὶ</em></span> <span class='ocrx_word' id='word_1_59' title='bbox 673 1213 725 1295; x_wconf 83' lang='grc' dir='ltr'><em>όις</em></span> <span class='ocrx_word' id='word_1_60' title='bbox 746 1216 803 1282; x_wconf 82' lang='grc' dir='ltr'><em>καί</em></span> <span class='ocrx_word' id='word_1_61' title='bbox 826 1211 945 1292; x_wconf 82' lang='grc' dir='ltr'><em>πίονας</em></span> <span class='ocrx_word' id='word_1_62' title='bbox 968 1205 1082 1292; x_wconf 78' lang='grc' dir='ltr'><em>αἶτας,</em></span> 
     </span>
     <span class='ocr_line' id='line_1_10' title="bbox 297 1314 1101 1404; baseline -0.014 -12"><span class='ocrx_word' id='word_1_63' title='bbox 297 1322 579 1404; x_wconf 81' lang='grc' dir='ltr'><em>εἰλαπινάζουσιν,</em></span> <span class='ocrx_word' id='word_1_64' title='bbox 602 1315 739 1386; x_wconf 91' lang='grc' dir='ltr'><em>πίνουσί</em></span> <span class='ocrx_word' id='word_1_65' title='bbox 759 1342 796 1385; x_wconf 87' lang='grc' dir='ltr'><em>τε</em></span> <span class='ocrx_word' id='word_1_66' title='bbox 819 1314 957 1384; x_wconf 82' lang='grc' dir='ltr'><em>α’ίθοπα</em></span> <span class='ocrx_word' id='word_1_67' title='bbox 977 1319 1101 1396; x_wconf 70' lang='grc' dir='ltr'><em>τοίνυν,</em></span> 
     </span>
     <span class='ocr_line' id='line_1_11' title="bbox 296 1412 1296 1515; baseline -0.013 -22"><span class='ocrx_word' id='word_1_68' title='bbox 296 1421 484 1515; x_wconf 79' lang='grc' dir='ltr'><em>μαψιδίως·</em></span> <span class='ocrx_word' id='word_1_69' title='bbox 507 1423 549 1488; x_wconf 85' lang='grc' dir='ltr'><em>τά</em></span> <span class='ocrx_word' id='word_1_70' title='bbox 572 1421 609 1489; x_wconf 80' lang='grc' dir='ltr'><em>δέ</em></span> <span class='ocrx_word' id='word_1_71' title='bbox 631 1420 740 1487; x_wconf 89' lang='grc' dir='ltr'><em>πολλά</em></span> <span class='ocrx_word' id='word_1_72' title='bbox 762 1417 947 1485; x_wconf 86' lang='grc' dir='ltr'><em>κατάνεται.</em></span> <span class='ocrx_word' id='word_1_73' title='bbox 994 1413 1032 1484; x_wconf 86' lang='grc' dir='ltr'><em>ού</em></span> <span class='ocrx_word' id='word_1_74' title='bbox 1052 1417 1115 1504; x_wconf 77' lang='grc' dir='ltr'><em>τδρ</em></span> <span class='ocrx_word' id='word_1_75' title='bbox 1137 1412 1192 1482; x_wconf 74' lang='grc' dir='ltr'><em>ἔπ’</em></span> <span class='ocrx_word' id='word_1_76' title='bbox 1216 1412 1296 1506; x_wconf 77' lang='grc' dir='ltr'><em>ἀνήρ</em></span> 
     </span>
     <span class='ocr_line' id='line_1_12' title="bbox 298 1514 1175 1611; baseline -0.014 -16"><span class='ocrx_word' id='word_1_77' title='bbox 298 1519 368 1607; x_wconf 78' lang='grc' dir='ltr'><em>οἷος</em></span> <span class='ocrx_word' id='word_1_78' title='bbox 385 1524 560 1603; x_wconf 84' lang='grc' dir='ltr'><em>Ὀδυσσεύς</em></span> <span class='ocrx_word' id='word_1_79' title='bbox 582 1519 687 1606; x_wconf 71' lang='grc' dir='ltr'><em>ἔσκεν,</em></span> <span class='ocrx_word' id='word_1_80' title='bbox 711 1519 792 1611; x_wconf 86' lang='grc' dir='ltr'><em>άρήν</em></span> <span class='ocrx_word' id='word_1_81' title='bbox 814 1517 886 1587; x_wconf 87' lang='grc' dir='ltr'><em>άπδ</em></span> <span class='ocrx_word' id='word_1_82' title='bbox 907 1517 1022 1586; x_wconf 72' lang='grc' dir='ltr'><em>τοίκσυ</em></span> <span class='ocrx_word' id='word_1_83' title='bbox 1046 1514 1175 1603; x_wconf 82' lang='grc' dir='ltr'><em>άμύναι.</em></span> 
     </span>
     <span class='ocr_line' id='line_1_13' title="bbox 298 1618 1239 1710; baseline -0.012 -13"><span class='ocrx_word' id='word_1_84' title='bbox 298 1628 329 1698; x_wconf 82' lang='grc' dir='ltr'><em>εί</em></span> <span class='ocrx_word' id='word_1_85' title='bbox 352 1626 384 1697; x_wconf 80' lang='grc' dir='ltr'><em>δ’</em></span> <span class='ocrx_word' id='word_1_86' title='bbox 403 1627 557 1706; x_wconf 80' lang='grc' dir='ltr'><em>Ὀδυσεύς</em></span> <span class='ocrx_word' id='word_1_87' title='bbox 580 1623 678 1693; x_wconf 76' lang='grc' dir='ltr'><em>ἔλθοι</em></span> <span class='ocrx_word' id='word_1_88' title='bbox 700 1626 757 1692; x_wconf 87' lang='grc' dir='ltr'><em>καὶ</em></span> <span class='ocrx_word' id='word_1_89' title='bbox 780 1619 882 1692; x_wconf 76' lang='grc' dir='ltr'><em>ἵκοιτ’</em></span> <span class='ocrx_word' id='word_1_90' title='bbox 905 1621 939 1700; x_wconf 85' lang='grc' dir='ltr'><em>ές</em></span> <span class='ocrx_word' id='word_1_91' title='bbox 960 1618 1108 1710; x_wconf 82' lang='grc' dir='ltr'><em>πατρίδα</em></span> <span class='ocrx_word' id='word_1_92' title='bbox 1128 1625 1239 1701; x_wconf 78' lang='grc' dir='ltr'><em>ταῖαν,</em></span> 
     </span>
     <span class='ocr_line' id='line_1_14' title="bbox 243 1714 1338 1820; baseline -0.016 -17"><span class='ocrx_word' id='word_1_93' title='bbox 243 1762 283 1804; x_wconf 82' lang='grc' dir='ltr'><em>σω</em></span> <span class='ocrx_word' id='word_1_94' title='bbox 297 1724 389 1820; x_wconf 78' lang='grc' dir='ltr'><em>αἶψά</em></span> <span class='ocrx_word' id='word_1_95' title='bbox 410 1755 448 1797; x_wconf 88' lang='grc' dir='ltr'><em>κε</em></span> <span class='ocrx_word' id='word_1_96' title='bbox 469 1730 528 1797; x_wconf 83' lang='grc' dir='ltr'><em>σύν</em></span> <span class='ocrx_word' id='word_1_97' title='bbox 548 1731 597 1817; x_wconf 70' lang='grc' dir='ltr'><em>τῷ</em></span> <span class='ocrx_word' id='word_1_98' title='bbox 619 1727 720 1794; x_wconf 80' lang='grc' dir='ltr'><em>παιδί</em></span> <span class='ocrx_word' id='word_1_99' title='bbox 741 1723 819 1812; x_wconf 87' lang='grc' dir='ltr'><em>βίας</em></span> <span class='ocrx_word' id='word_1_100' title='bbox 842 1720 1043 1791; x_wconf 80' lang='grc' dir='ltr'><em>ἀποτίσεται</em></span> <span class='ocrx_word' id='word_1_101' title='bbox 1066 1718 1218 1810; x_wconf 70' lang='grc' dir='ltr'><em>άνδρῶν.”</em></span> <span class='ocrx_word' id='word_1_102' title='bbox 1334 1714 1338 1718; x_wconf 52' lang='grc'><strong>’</strong></span> 
     </span>
     <span class='ocr_line' id='line_1_15' title="bbox 340 1821 1349 1924; baseline -0.01 -24"><span class='ocrx_word' id='word_1_103' title='bbox 340 1827 385 1914; x_wconf 85' lang='grc' dir='ltr'><em>ὦς</em></span> <span class='ocrx_word' id='word_1_104' title='bbox 406 1832 508 1924; x_wconf 83' lang='grc' dir='ltr'><em>φάτο,</em></span> <span class='ocrx_word' id='word_1_105' title='bbox 535 1829 725 1920; x_wconf 78' lang='grc' dir='ltr'><em>Τηλέμαχος</em></span> <span class='ocrx_word' id='word_1_106' title='bbox 747 1828 785 1895; x_wconf 83' lang='grc' dir='ltr'><em>δέ</em></span> <span class='ocrx_word' id='word_1_107' title='bbox 806 1823 877 1912; x_wconf 75' lang='grc' dir='ltr'><em>μέτ’</em></span> <span class='ocrx_word' id='word_1_108' title='bbox 902 1823 1059 1913; x_wconf 77' lang='grc' dir='ltr'><em>ἔπταρεν,</em></span> <span class='ocrx_word' id='word_1_109' title='bbox 1083 1821 1172 1914; x_wconf 77' lang='grc' dir='ltr'><em>ἀμφὶ</em></span> <span class='ocrx_word' id='word_1_110' title='bbox 1195 1824 1233 1892; x_wconf 80' lang='grc' dir='ltr'><em>δέ</em></span> <span class='ocrx_word' id='word_1_111' title='bbox 1255 1825 1349 1909; x_wconf 82' lang='grc' dir='ltr'><em>δῶμα</em></span> 
     </span>
     <span class='ocr_line' id='line_1_16' title="bbox 297 1926 1176 2026; baseline -0.014 -22"><span class='ocrx_word' id='word_1_112' title='bbox 297 1933 498 2026; x_wconf 83' lang='grc' dir='ltr'><em>σμερδαλέον</em></span> <span class='ocrx_word' id='word_1_113' title='bbox 518 1931 690 2020; x_wconf 80' lang='grc' dir='ltr'><em>κονάβησε.</em></span> <span class='ocrx_word' id='word_1_114' title='bbox 733 1929 870 1998; x_wconf 80' lang='grc' dir='ltr'><em>τελασσε</em></span> <span class='ocrx_word' id='word_1_115' title='bbox 894 1927 930 1994; x_wconf 81' lang='grc' dir='ltr'><em>δὲ</em></span> <span class='ocrx_word' id='word_1_116' title='bbox 952 1926 1176 2017; x_wconf 86' lang='grc' dir='ltr'><em>Πηνελόπεια,</em></span> 
     </span>
     <span class='ocr_line' id='line_1_17' title="bbox 298 2028 1225 2126; baseline -0.01 -22"><span class='ocrx_word' id='word_1_117' title='bbox 298 2030 389 2126; x_wconf 77' lang='grc' dir='ltr'><em>αἶψα</em></span> <span class='ocrx_word' id='word_1_118' title='bbox 412 2033 445 2102; x_wconf 81' lang='grc' dir='ltr'><em>δ’</em></span> <span class='ocrx_word' id='word_1_119' title='bbox 468 2031 522 2123; x_wconf 80' lang='grc' dir='ltr'><em>άρ’</em></span> <span class='ocrx_word' id='word_1_120' title='bbox 544 2031 693 2119; x_wconf 84' lang='grc' dir='ltr'><em>Εύμαιον</em></span> <span class='ocrx_word' id='word_1_121' title='bbox 713 2031 819 2098; x_wconf 71' lang='grc' dir='ltr'><em>εέπεα</em></span> <span class='ocrx_word' id='word_1_122' title='bbox 841 2028 1020 2118; x_wconf 90' lang='grc' dir='ltr'><em>πτερόεντα</em></span> <span class='ocrx_word' id='word_1_123' title='bbox 1042 2029 1225 2118; x_wconf 82' lang='grc' dir='ltr'><em>προσηύδα.</em></span> 
     </span>
     <span class='ocr_line' id='line_1_18' title="bbox 294 2121 1159 2226; baseline -0.008 -22"><span class='ocrx_word' id='word_1_124' title='bbox 294 2134 414 2226; x_wconf 76' lang='grc' dir='ltr'><em>“ἐ’ρχεύ</em></span> <span class='ocrx_word' id='word_1_125' title='bbox 435 2161 512 2220; x_wconf 89' lang='grc' dir='ltr'><em>μοι,</em></span> <span class='ocrx_word' id='word_1_126' title='bbox 535 2137 592 2202; x_wconf 87' lang='grc' dir='ltr'><em>τόν</em></span> <span class='ocrx_word' id='word_1_127' title='bbox 614 2135 717 2215; x_wconf 84' lang='grc' dir='ltr'><em>ξεῖνον</em></span> <span class='ocrx_word' id='word_1_128' title='bbox 739 2130 885 2201; x_wconf 78' lang='grc' dir='ltr'><em>ἐναντίον</em></span> <span class='ocrx_word' id='word_1_129' title='bbox 907 2121 972 2198; x_wconf 84' lang='grc' dir='ltr'><em>ὧδε</em></span> <span class='ocrx_word' id='word_1_130' title='bbox 992 2130 1159 2199; x_wconf 87' lang='grc' dir='ltr'><em>κάλεσσον.</em></span> 
     </span>
     <span class='ocr_line' id='line_1_19' title="bbox 244 2232 1194 2327; baseline -0.008 -21"><span class='ocrx_word' id='word_1_131' title='bbox 244 2267 283 2306; x_wconf 78' lang='grc' dir='ltr'><em>ια</em></span> <span class='ocrx_word' id='word_1_132' title='bbox 301 2233 358 2318; x_wconf 79' lang='grc' dir='ltr'><em>οὐχ</em></span> <span class='ocrx_word' id='word_1_133' title='bbox 381 2233 485 2326; x_wconf 77' lang='grc' dir='ltr'><em>ὁράᾳς</em></span> <span class='ocrx_word' id='word_1_134' title='bbox 509 2234 528 2304; x_wconf 85' lang='grc' dir='ltr'><em>ό</em></span> <span class='ocrx_word' id='word_1_135' title='bbox 548 2261 607 2321; x_wconf 85' lang='grc' dir='ltr'><em>μοι</em></span> <span class='ocrx_word' id='word_1_136' title='bbox 630 2232 701 2315; x_wconf 79' lang='grc' dir='ltr'><em>υίὸς</em></span> <span class='ocrx_word' id='word_1_137' title='bbox 723 2234 891 2327; x_wconf 79' lang='grc' dir='ltr'><em>ἐπέπταρε</em></span> <span class='ocrx_word' id='word_1_138' title='bbox 913 2235 1000 2300; x_wconf 85' lang='grc' dir='ltr'><em>πᾶσι</em></span> <span class='ocrx_word' id='word_1_139' title='bbox 1022 2233 1194 2314; x_wconf 71' lang='grc' dir='ltr'><em>εέπεσσιν,</em></span> 
     </span>
     <span class='ocr_line' id='line_1_20' title="bbox 295 2333 1221 2427; baseline 0 -23"><span class='ocrx_word' id='word_1_140' title='bbox 295 2339 344 2427; x_wconf 74' lang='grc' dir='ltr'><em>τῷ</em></span> <span class='ocrx_word' id='word_1_141' title='bbox 364 2363 401 2404; x_wconf 89' lang='grc' dir='ltr'><em>κε</em></span> <span class='ocrx_word' id='word_1_142' title='bbox 422 2337 480 2404; x_wconf 88' lang='grc' dir='ltr'><em>καὶ</em></span> <span class='ocrx_word' id='word_1_143' title='bbox 504 2333 563 2404; x_wconf 87' lang='grc' dir='ltr'><em>σύκ</em></span> <span class='ocrx_word' id='word_1_144' title='bbox 585 2333 702 2426; x_wconf 87' lang='grc' dir='ltr'><em>άτελής</em></span> <span class='ocrx_word' id='word_1_145' title='bbox 722 2335 870 2414; x_wconf 86' lang='grc' dir='ltr'><em>θάνατος</em></span> <span class='ocrx_word' id='word_1_146' title='bbox 890 2338 1070 2425; x_wconf 84' lang='grc' dir='ltr'><em>μνηστῆρσι</em></span> <span class='ocrx_word' id='word_1_147' title='bbox 1091 2335 1221 2404; x_wconf 77' lang='grc' dir='ltr'><em>τένσιτσ</em></span> 
     </span>
     <span class='ocr_line' id='line_1_21' title="bbox 298 2433 1243 2527; baseline -0.004 -21"><span class='ocrx_word' id='word_1_148' title='bbox 298 2441 386 2507; x_wconf 84' lang='grc' dir='ltr'><em>πάσι</em></span> <span class='ocrx_word' id='word_1_149' title='bbox 408 2437 493 2526; x_wconf 79' lang='grc' dir='ltr'><em>μάλ’,</em></span> <span class='ocrx_word' id='word_1_150' title='bbox 518 2433 595 2506; x_wconf 84' lang='grc' dir='ltr'><em>ούδὲ</em></span> <span class='ocrx_word' id='word_1_151' title='bbox 616 2438 655 2506; x_wconf 87' lang='grc' dir='ltr'><em>κέ</em></span> <span class='ocrx_word' id='word_1_152' title='bbox 674 2464 726 2518; x_wconf 89' lang='grc' dir='ltr'><em>τις</em></span> <span class='ocrx_word' id='word_1_153' title='bbox 747 2438 897 2506; x_wconf 84' lang='grc' dir='ltr'><em>θάνατον</em></span> <span class='ocrx_word' id='word_1_154' title='bbox 917 2439 976 2505; x_wconf 80' lang='grc' dir='ltr'><em>καί</em></span> <span class='ocrx_word' id='word_1_155' title='bbox 996 2440 1097 2527; x_wconf 80' lang='grc' dir='ltr'><em>κῆρας</em></span> <span class='ocrx_word' id='word_1_156' title='bbox 1117 2433 1201 2516; x_wconf 82' lang='grc' dir='ltr'><em>άλόξ</em></span> <span class='ocrx_word' id='word_1_157' title='bbox 1236 2489 1243 2503; x_wconf 94' lang='grc'><em>.</em></span> 
     </span>
     <span class='ocr_line' id='line_1_22' title="bbox 297 2537 1240 2629; baseline -0.005 -20"><span class='ocrx_word' id='word_1_158' title='bbox 297 2537 379 2611; x_wconf 77' lang='grc' dir='ltr'><em>άλλο</em></span> <span class='ocrx_word' id='word_1_159' title='bbox 402 2544 439 2610; x_wconf 89' lang='grc' dir='ltr'><em>δέ</em></span> <span class='ocrx_word' id='word_1_160' title='bbox 460 2567 516 2610; x_wconf 89' lang='grc' dir='ltr'><em>τοι</em></span> <span class='ocrx_word' id='word_1_161' title='bbox 537 2541 653 2629; x_wconf 73' lang='grc' dir='ltr'><em>εερέω,</em></span> <span class='ocrx_word' id='word_1_162' title='bbox 676 2542 716 2609; x_wconf 85' lang='grc' dir='ltr'><em>σδ</em></span> <span class='ocrx_word' id='word_1_163' title='bbox 740 2537 772 2608; x_wconf 77' lang='grc' dir='ltr'><em>δ’</em></span> <span class='ocrx_word' id='word_1_164' title='bbox 795 2539 842 2608; x_wconf 83' lang='grc' dir='ltr'><em>ένὶ</em></span> <span class='ocrx_word' id='word_1_165' title='bbox 865 2539 963 2629; x_wconf 83' lang='grc' dir='ltr'><em>φρεσί</em></span> <span class='ocrx_word' id='word_1_166' title='bbox 986 2538 1107 2624; x_wconf 81' lang='grc' dir='ltr'><em>βάλλεο</em></span> <span class='ocrx_word' id='word_1_167' title='bbox 1129 2541 1240 2628; x_wconf 77' lang='grc' dir='ltr'><em>σῇσιν·</em></span> 
     </span>
     <span class='ocr_line' id='line_1_23' title="bbox 298 2639 1114 2734; baseline -0.006 -21"><span class='ocrx_word' id='word_1_168' title='bbox 298 2644 332 2714; x_wconf 76' lang='grc' dir='ltr'><em>εἴ</em></span> <span class='ocrx_word' id='word_1_169' title='bbox 350 2643 382 2712; x_wconf 80' lang='grc' dir='ltr'><em>κ’</em></span> <span class='ocrx_word' id='word_1_170' title='bbox 407 2644 505 2714; x_wconf 88' lang='grc' dir='ltr'><em>αύτδν</em></span> <span class='ocrx_word' id='word_1_171' title='bbox 526 2643 620 2712; x_wconf 79' lang='grc' dir='ltr'><em>τνιόω</em></span> <span class='ocrx_word' id='word_1_172' title='bbox 642 2642 800 2734; x_wconf 83' lang='grc' dir='ltr'><em>νημερτέα</em></span> <span class='ocrx_word' id='word_1_173' title='bbox 822 2639 920 2708; x_wconf 87' lang='grc' dir='ltr'><em>πάντ’</em></span> <span class='ocrx_word' id='word_1_174' title='bbox 944 2640 1114 2722; x_wconf 77' lang='grc' dir='ltr'><em>ἐνέποντα,</em></span> 
     </span>
     <span class='ocr_line' id='line_1_24' title="bbox 244 2739 1211 2832; baseline -0.004 -18"><span class='ocrx_word' id='word_1_175' title='bbox 244 2773 284 2814; x_wconf 86' lang='lat'><em>550</em></span> <span class='ocrx_word' id='word_1_176' title='bbox 297 2747 407 2815; x_wconf 60' lang='grc' dir='ltr'><em>πέσσω</em></span> <span class='ocrx_word' id='word_1_177' title='bbox 428 2773 487 2832; x_wconf 91' lang='grc' dir='ltr'><em>μιν</em></span> <span class='ocrx_word' id='word_1_178' title='bbox 506 2747 640 2831; x_wconf 83' lang='grc' dir='ltr'><em>χλαῖνάν</em></span> <span class='ocrx_word' id='word_1_179' title='bbox 660 2772 696 2812; x_wconf 89' lang='grc' dir='ltr'><em>τε</em></span> <span class='ocrx_word' id='word_1_180' title='bbox 716 2745 839 2830; x_wconf 84' lang='grc' dir='ltr'><em>χιτῶνά</em></span> <span class='ocrx_word' id='word_1_181' title='bbox 861 2769 911 2826; x_wconf 85' lang='grc' dir='ltr'><em>τε,</em></span> <span class='ocrx_word' id='word_1_182' title='bbox 933 2741 1075 2828; x_wconf 70' lang='grc' dir='ltr'><em>εείματα</em></span> <span class='ocrx_word' id='word_1_183' title='bbox 1096 2739 1211 2810; x_wconf 78' lang='grc' dir='ltr'><em>καλά.”</em></span> 
     </span>
     <span class='ocr_line' id='line_1_25' title="bbox 341 2840 1314 2937; baseline -0.003 -24"><span class='ocrx_word' id='word_1_184' title='bbox 341 2840 387 2926; x_wconf 83' lang='grc' dir='ltr'><em>ῶς</em></span> <span class='ocrx_word' id='word_1_185' title='bbox 408 2845 511 2936; x_wconf 84' lang='grc' dir='ltr'><em>φάτο,</em></span> <span class='ocrx_word' id='word_1_186' title='bbox 533 2853 578 2935; x_wconf 82' lang='grc' dir='ltr'><em>βῆ</em></span> <span class='ocrx_word' id='word_1_187' title='bbox 601 2846 638 2912; x_wconf 80' lang='grc' dir='ltr'><em>δέ</em></span> <span class='ocrx_word' id='word_1_188' title='bbox 660 2845 838 2937; x_wconf 84' lang='grc' dir='ltr'><em>συφορβός,</em></span> <span class='ocrx_word' id='word_1_189' title='bbox 862 2841 938 2912; x_wconf 78' lang='grc' dir='ltr'><em>ἐπεὶ</em></span> <span class='ocrx_word' id='word_1_190' title='bbox 960 2845 1016 2912; x_wconf 87' lang='grc' dir='ltr'><em>τὸν</em></span> <span class='ocrx_word' id='word_1_191' title='bbox 1036 2847 1147 2929; x_wconf 83' lang='grc' dir='ltr'><em>μύθον</em></span> <span class='ocrx_word' id='word_1_192' title='bbox 1169 2842 1314 2925; x_wconf 85' lang='grc' dir='ltr'><em>όίκουσεν,</em></span> 
     </span>
     <span class='ocr_line' id='line_1_26' title="bbox 299 2943 1181 3036; baseline -0.001 -22"><span class='ocrx_word' id='word_1_193' title='bbox 299 2945 400 3029; x_wconf 72' lang='grc' dir='ltr'><em>άτχοῧ</em></span> <span class='ocrx_word' id='word_1_194' title='bbox 422 2943 452 3012; x_wconf 82' lang='grc' dir='ltr'><em>δ’</em></span> <span class='ocrx_word' id='word_1_195' title='bbox 476 2943 649 3030; x_wconf 73' lang='grc' dir='ltr'><em>ἱστάμενος</em></span> <span class='ocrx_word' id='word_1_196' title='bbox 669 2947 774 3014; x_wconf 74' lang='grc' dir='ltr'><em>εέπεα</em></span> <span class='ocrx_word' id='word_1_197' title='bbox 797 2945 977 3034; x_wconf 86' lang='grc' dir='ltr'><em>πτερόεντα</em></span> <span class='ocrx_word' id='word_1_198' title='bbox 999 2946 1181 3036; x_wconf 90' lang='grc' dir='ltr'><em>προσηύδα.</em></span> 
     </span>
     <span class='ocr_line' id='line_1_27' title="bbox 295 3044 1180 3138; baseline 0 -23"><span class='ocrx_word' id='word_1_199' title='bbox 295 3044 313 3071; x_wconf 87' lang='lat'><em>“</em></span> <span class='ocrx_word' id='word_1_200' title='bbox 321 3050 404 3130; x_wconf 86' lang='grc' dir='ltr'><em>ξεῖνε</em></span> <span class='ocrx_word' id='word_1_201' title='bbox 424 3048 547 3136; x_wconf 89' lang='grc' dir='ltr'><em>πάτερ,</em></span> <span class='ocrx_word' id='word_1_202' title='bbox 570 3049 680 3116; x_wconf 84' lang='grc' dir='ltr'><em>καλέει</em></span> <span class='ocrx_word' id='word_1_203' title='bbox 702 3072 740 3115; x_wconf 90' lang='grc' dir='ltr'><em>σε</em></span> <span class='ocrx_word' id='word_1_204' title='bbox 762 3045 934 3138; x_wconf 88' lang='grc' dir='ltr'><em>περίφρων</em></span> <span class='ocrx_word' id='word_1_205' title='bbox 954 3047 1180 3138; x_wconf 88' lang='grc' dir='ltr'><em>Πηνελόπεια,</em></span> 
     </span>
     <span class='ocr_line' id='line_1_28' title="bbox 296 3147 1120 3240; baseline 0 -23"><span class='ocrx_word' id='word_1_206' title='bbox 296 3150 403 3240; x_wconf 86' lang='grc' dir='ltr'><em>μήτηρ</em></span> <span class='ocrx_word' id='word_1_207' title='bbox 430 3149 650 3240; x_wconf 75' lang='grc' dir='ltr'><em>Τηλεμάχοιο·</em></span> <span class='ocrx_word' id='word_1_208' title='bbox 673 3150 879 3239; x_wconf 82' lang='grc' dir='ltr'><em>μεταλλῆσαί</em></span> <span class='ocrx_word' id='word_1_209' title='bbox 897 3149 931 3217; x_wconf 91' lang='grc' dir='ltr'><em>τί</em></span> <span class='ocrx_word' id='word_1_210' title='bbox 952 3176 990 3217; x_wconf 68' lang='grc' dir='ltr'><em>τε</em></span> <span class='ocrx_word' id='word_1_211' title='bbox 1010 3147 1120 3236; x_wconf 85' lang='grc' dir='ltr'><em>θυμός</em></span> 
     </span>
     <span class='ocr_line' id='line_1_29' title="bbox 244 3248 1166 3343; baseline -0.005 -20"><span class='ocrx_word' id='word_1_212' title='bbox 244 3282 283 3323; x_wconf 90' lang='lat'><em>555</em></span> <span class='ocrx_word' id='word_1_213' title='bbox 299 3248 389 3343; x_wconf 83' lang='grc' dir='ltr'><em>άμφί</em></span> <span class='ocrx_word' id='word_1_214' title='bbox 411 3251 497 3320; x_wconf 91' lang='grc' dir='ltr'><em>πόσι</em></span> <span class='ocrx_word' id='word_1_215' title='bbox 519 3253 664 3332; x_wconf 86' lang='grc' dir='ltr'><em>κέλεται,</em></span> <span class='ocrx_word' id='word_1_216' title='bbox 688 3252 746 3319; x_wconf 85' lang='grc' dir='ltr'><em>καί</em></span> <span class='ocrx_word' id='word_1_217' title='bbox 768 3253 871 3343; x_wconf 88' lang='grc' dir='ltr'><em>κήδεά</em></span> <span class='ocrx_word' id='word_1_218' title='bbox 894 3279 956 3340; x_wconf 91' lang='grc' dir='ltr'><em>περ</em></span> <span class='ocrx_word' id='word_1_219' title='bbox 978 3250 1166 3343; x_wconf 87' lang='grc' dir='ltr'><em>πεπαθυίῃ.</em></span> 
     </span>
     <span class='ocr_line' id='line_1_30' title="bbox 299 3352 1113 3446; baseline 0 -25"><span class='ocrx_word' id='word_1_220' title='bbox 299 3352 329 3421; x_wconf 80' lang='grc' dir='ltr'><em>εἰ</em></span> <span class='ocrx_word' id='word_1_221' title='bbox 352 3353 391 3422; x_wconf 90' lang='grc' dir='ltr'><em>δέ</em></span> <span class='ocrx_word' id='word_1_222' title='bbox 410 3354 449 3422; x_wconf 87' lang='grc' dir='ltr'><em>κέ</em></span> <span class='ocrx_word' id='word_1_223' title='bbox 471 3378 509 3422; x_wconf 91' lang='grc' dir='ltr'><em>σε</em></span> <span class='ocrx_word' id='word_1_224' title='bbox 529 3353 615 3444; x_wconf 79' lang='grc' dir='ltr'><em>τνιόῃ</em></span> <span class='ocrx_word' id='word_1_225' title='bbox 637 3353 796 3446; x_wconf 87' lang='grc' dir='ltr'><em>νημερτέα</em></span> <span class='ocrx_word' id='word_1_226' title='bbox 818 3352 917 3422; x_wconf 73' lang='grc' dir='ltr'><em>πάντ’</em></span> <span class='ocrx_word' id='word_1_227' title='bbox 940 3355 1113 3438; x_wconf 88' lang='grc' dir='ltr'><em>ε’νέποντα,</em></span> 
     </span>
     <span class='ocr_line' id='line_1_31' title="bbox 296 3456 1210 3544; baseline 0.001 -23"><span class='ocrx_word' id='word_1_228' title='bbox 296 3456 407 3525; x_wconf 71' lang='grc' dir='ltr'><em>τάσσει</em></span> <span class='ocrx_word' id='word_1_229' title='bbox 430 3481 468 3525; x_wconf 89' lang='grc' dir='ltr'><em>σε</em></span> <span class='ocrx_word' id='word_1_230' title='bbox 488 3459 623 3541; x_wconf 87' lang='grc' dir='ltr'><em>χλαῖνάν</em></span> <span class='ocrx_word' id='word_1_231' title='bbox 643 3484 680 3526; x_wconf 89' lang='grc' dir='ltr'><em>τε</em></span> <span class='ocrx_word' id='word_1_232' title='bbox 699 3458 824 3544; x_wconf 84' lang='grc' dir='ltr'><em>χιτῶνά</em></span> <span class='ocrx_word' id='word_1_233' title='bbox 845 3484 894 3539; x_wconf 90' lang='grc' dir='ltr'><em>τε,</em></span> <span class='ocrx_word' id='word_1_234' title='bbox 917 3460 983 3525; x_wconf 87' lang='grc' dir='ltr'><em>τῶν</em></span> <span class='ocrx_word' id='word_1_235' title='bbox 1004 3460 1043 3526; x_wconf 83' lang='grc' dir='ltr'>σύ</span> <span class='ocrx_word' id='word_1_236' title='bbox 1064 3456 1210 3543; x_wconf 87' lang='grc' dir='ltr'><em>μάλιστα</em></span> 
     </span>
     <span class='ocr_line' id='line_1_32' title="bbox 297 3555 1112 3648; baseline 0.006 -27"><span class='ocrx_word' id='word_1_237' title='bbox 297 3555 449 3645; x_wconf 87' lang='grc' dir='ltr'><em>χρηίζεις.</em></span> <span class='ocrx_word' id='word_1_238' title='bbox 493 3564 583 3625; x_wconf 87' lang='grc' dir='ltr'><em>σῖτον</em></span> <span class='ocrx_word' id='word_1_239' title='bbox 606 3559 722 3627; x_wconf 80' lang='grc' dir='ltr'><em>δὲκαὶ</em></span> <span class='ocrx_word' id='word_1_240' title='bbox 745 3556 878 3641; x_wconf 79' lang='grc' dir='ltr'><em>αἰτίζων</em></span> <span class='ocrx_word' id='word_1_241' title='bbox 900 3560 985 3626; x_wconf 87' lang='grc' dir='ltr'><em>κατά</em></span> <span class='ocrx_word' id='word_1_242' title='bbox 1008 3561 1112 3648; x_wconf 83' lang='grc' dir='ltr'><em>δῆμον</em></span> 
     </span>
     <span class='ocr_line' id='line_1_33' title="bbox 297 3654 1236 3748; baseline 0 -25"><span class='ocrx_word' id='word_1_243' title='bbox 297 3657 442 3743; x_wconf 77' lang='grc' dir='ltr'><em>ταστέρα</em></span> <span class='ocrx_word' id='word_1_244' title='bbox 463 3660 653 3748; x_wconf 80' lang='grc' dir='ltr'><em>βοσκήσεις·</em></span> <span class='ocrx_word' id='word_1_245' title='bbox 677 3659 779 3728; x_wconf 82' lang='grc' dir='ltr'><em>διέσει</em></span> <span class='ocrx_word' id='word_1_246' title='bbox 802 3660 840 3727; x_wconf 90' lang='grc' dir='ltr'><em>δέ</em></span> <span class='ocrx_word' id='word_1_247' title='bbox 860 3686 915 3728; x_wconf 94' lang='grc' dir='ltr'><em>τοι</em></span> <span class='ocrx_word' id='word_1_248' title='bbox 937 3659 974 3741; x_wconf 83' lang='grc' dir='ltr'><em>ὅς</em></span> <span class='ocrx_word' id='word_1_249' title='bbox 995 3658 1027 3727; x_wconf 79' lang='grc' dir='ltr'><em>κ’</em></span> <span class='ocrx_word' id='word_1_250' title='bbox 1049 3654 1236 3748; x_wconf 78' lang='grc' dir='ltr'><em>ἐθέλῃσιν.”</em></span> 
     </span>
     <span class='ocr_line' id='line_1_34' title="bbox 242 3755 1249 3849; baseline -0.004 -19"><span class='ocrx_word' id='word_1_251' title='bbox 242 3787 283 3830; x_wconf 79' lang='lat'><em>550</em></span> <span class='ocrx_word' id='word_1_252' title='bbox 338 3759 395 3826; x_wconf 89' lang='grc' dir='ltr'><em>τόν</em></span> <span class='ocrx_word' id='word_1_253' title='bbox 418 3756 448 3826; x_wconf 75' lang='grc' dir='ltr'><em>δ’</em></span> <span class='ocrx_word' id='word_1_254' title='bbox 474 3755 551 3828; x_wconf 86' lang='grc' dir='ltr'><em>αύτε</em></span> <span class='ocrx_word' id='word_1_255' title='bbox 572 3763 776 3849; x_wconf 77' lang='grc' dir='ltr'><em>προσέεειπε</em></span> <span class='ocrx_word' id='word_1_256' title='bbox 799 3762 964 3841; x_wconf 89' lang='grc' dir='ltr'><em>πολύτλας</em></span> <span class='ocrx_word' id='word_1_257' title='bbox 987 3764 1058 3842; x_wconf 84' lang='grc' dir='ltr'><em>δῖος</em></span> <span class='ocrx_word' id='word_1_258' title='bbox 1076 3757 1249 3838; x_wconf 85' lang='grc' dir='ltr'><em>Ὀδυσσεύς</em></span> 
     </span>
    </p>
   </div>
   <div class='ocr_carea' id='block_1_3' title="bbox 291 3855 510 3886">
    <p class='ocr_par' dir='ltr' id='par_1_3' title="bbox 291 3855 510 3886">
     <span class='ocr_line' id='line_1_35' title="bbox 291 3855 510 3886; baseline -0.009 -2"><span class='ocrx_word' id='word_1_259' title='bbox 291 3856 365 3886; x_wconf 69' lang='lat' dir='ltr'><em>“M</em></span> <span class='ocrx_word' id='word_1_260' title='bbox 432 3855 510 3886; x_wconf 74' lang='lat'><em>³¹5</em></span> 
     </span>
    </p>
   </div>
   <div class='ocr_carea' id='block_1_4' title="bbox 346 3860 1183 3954">
    <p class='ocr_par' dir='ltr' id='par_1_4' title="bbox 346 3860 1183 3954">
     <span class='ocr_line' id='line_1_36' title="bbox 346 3860 1183 3954; baseline 0.001 -27"><span class='ocrx_word' id='word_1_261' title='bbox 346 3885 450 3946; x_wconf 91' lang='grc' dir='ltr'><em>υμαι,</em></span> <span class='ocrx_word' id='word_1_262' title='bbox 475 3861 564 3949; x_wconf 88' lang='grc' dir='ltr'><em>αιψά</em></span> <span class='ocrx_word' id='word_1_263' title='bbox 586 3860 620 3930; x_wconf 74' lang='grc' dir='ltr'><em>κ’</em></span> <span class='ocrx_word' id='word_1_264' title='bbox 643 3861 706 3932; x_wconf 70' lang='grc' dir='ltr'><em>ἕνα)</em></span> <span class='ocrx_word' id='word_1_265' title='bbox 728 3862 886 3954; x_wconf 84' lang='grc' dir='ltr'><em>νημερτέα</em></span> <span class='ocrx_word' id='word_1_266' title='bbox 908 3861 1004 3929; x_wconf 80' lang='grc' dir='ltr'><em>πάντ’</em></span> <span class='ocrx_word' id='word_1_267' title='bbox 1029 3862 1183 3947; x_wconf 77' lang='grc' dir='ltr'><em>ἐνέποιμι</em></span> 
     </span>
    </p>
   </div>
   <div class='ocr_carea' id='block_1_5' title="bbox 242 3961 1284 4560">
    <p class='ocr_par' dir='ltr' id='par_1_5' title="bbox 295 3961 1284 4254">
     <span class='ocr_line' id='line_1_37' title="bbox 295 3961 1037 4056; baseline 0.005 -28"><span class='ocrx_word' id='word_1_268' title='bbox 295 3961 395 4052; x_wconf 87' lang='grc' dir='ltr'><em>κούρῃ</em></span> <span class='ocrx_word' id='word_1_269' title='bbox 419 3961 595 4053; x_wconf 73' lang='grc' dir='ltr'><em>Ρικαρίοισ</em></span> <span class='ocrx_word' id='word_1_270' title='bbox 615 3963 794 4056; x_wconf 88' lang='grc' dir='ltr'><em>περίφρονι</em></span> <span class='ocrx_word' id='word_1_271' title='bbox 817 3961 1037 4056; x_wconf 88' lang='grc' dir='ltr'><em>Πηνελοπείῃ·</em></span> 
     </span>
     <span class='ocr_line' id='line_1_38' title="bbox 295 4059 1284 4155; baseline 0.002 -27"><span class='ocrx_word' id='word_1_272' title='bbox 295 4065 392 4130; x_wconf 72' lang='grc' dir='ltr'><em>εοῖδα</em></span> <span class='ocrx_word' id='word_1_273' title='bbox 413 4065 475 4151; x_wconf 78' lang='grc' dir='ltr'><em>τάρ</em></span> <span class='ocrx_word' id='word_1_274' title='bbox 499 4059 534 4131; x_wconf 82' lang='grc' dir='ltr'><em>εὖ</em></span> <span class='ocrx_word' id='word_1_275' title='bbox 555 4064 636 4155; x_wconf 77' lang='grc' dir='ltr'><em>περὶ</em></span> <span class='ocrx_word' id='word_1_276' title='bbox 656 4063 778 4147; x_wconf 91' lang='grc' dir='ltr'><em>κείνου,</em></span> <span class='ocrx_word' id='word_1_277' title='bbox 804 4060 889 4154; x_wconf 88' lang='grc' dir='ltr'><em>δμήν</em></span> <span class='ocrx_word' id='word_1_278' title='bbox 911 4063 943 4132; x_wconf 74' lang='grc' dir='ltr'><em>δ’</em></span> <span class='ocrx_word' id='word_1_279' title='bbox 966 4062 1162 4151; x_wconf 78' lang='grc' dir='ltr'><em>άνεδέτμεθ’</em></span> <span class='ocrx_word' id='word_1_280' title='bbox 1187 4062 1284 4147; x_wconf 83' lang='grc' dir='ltr'><em>όιζύν.</em></span> 
     </span>
     <span class='ocr_line' id='line_1_39' title="bbox 296 4160 1109 4254; baseline 0.004 -25"><span class='ocrx_word' id='word_1_281' title='bbox 296 4160 380 4230; x_wconf 89' lang='grc' dir='ltr'><em>άλλά</em></span> <span class='ocrx_word' id='word_1_282' title='bbox 400 4164 591 4254; x_wconf 80' lang='grc' dir='ltr'><em>μνηστήρων</em></span> <span class='ocrx_word' id='word_1_283' title='bbox 611 4169 763 4250; x_wconf 82' lang='grc' dir='ltr'><em>χαλεπῶν</em></span> <span class='ocrx_word' id='word_1_284' title='bbox 784 4164 955 4234; x_wconf 73' lang='grc' dir='ltr'><em>ὑποδείδι’</em></span> <span class='ocrx_word' id='word_1_285' title='bbox 979 4166 1109 4253; x_wconf 80' lang='grc' dir='ltr'><em>ὅμιλον,</em></span> 
     </span>
    </p>

    <p class='ocr_par' dir='ltr' id='par_1_6' title="bbox 242 4263 1242 4560">
     <span class='ocr_line' id='line_1_40' title="bbox 242 4263 1100 4360; baseline 0.005 -28"><span class='ocrx_word' id='word_1_286' title='bbox 242 4291 281 4333; x_wconf 81' lang='grc' dir='ltr'><em>τω</em></span> <span class='ocrx_word' id='word_1_287' title='bbox 295 4264 360 4328; x_wconf 91' lang='grc' dir='ltr'><em>τῶν</em></span> <span class='ocrx_word' id='word_1_288' title='bbox 380 4263 475 4355; x_wconf 78' lang='grc' dir='ltr'><em>ὕβρις</em></span> <span class='ocrx_word' id='word_1_289' title='bbox 495 4290 532 4331; x_wconf 92' lang='grc' dir='ltr'><em>τε</em></span> <span class='ocrx_word' id='word_1_290' title='bbox 552 4266 610 4358; x_wconf 90' lang='grc' dir='ltr'><em>βίη</em></span> <span class='ocrx_word' id='word_1_291' title='bbox 632 4295 668 4335; x_wconf 91' lang='grc' dir='ltr'><em>τε</em></span> <span class='ocrx_word' id='word_1_292' title='bbox 690 4267 842 4360; x_wconf 90' lang='grc' dir='ltr'><em>σιδήρεον</em></span> <span class='ocrx_word' id='word_1_293' title='bbox 866 4265 1002 4357; x_wconf 85' lang='grc' dir='ltr'><em>ούρανδν</em></span> <span class='ocrx_word' id='word_1_294' title='bbox 1024 4272 1100 4336; x_wconf 78' lang='grc' dir='ltr'><em>ἵκει.</em></span> 
     </span>
     <span class='ocr_line' id='line_1_41' title="bbox 295 4362 1242 4460; baseline 0.012 -31"><span class='ocrx_word' id='word_1_295' title='bbox 295 4363 353 4430; x_wconf 82' lang='grc' dir='ltr'><em>καὶ</em></span> <span class='ocrx_word' id='word_1_296' title='bbox 374 4366 437 4451; x_wconf 57' lang='grc' dir='ltr'><em>γάρ</em></span> <span class='ocrx_word' id='word_1_297' title='bbox 459 4371 527 4446; x_wconf 86' lang='grc' dir='ltr'><em>νύν,</em></span> <span class='ocrx_word' id='word_1_298' title='bbox 550 4365 605 4432; x_wconf 85' lang='grc' dir='ltr'><em>ὅτε</em></span> <span class='ocrx_word' id='word_1_299' title='bbox 625 4367 663 4452; x_wconf 77' lang='grc' dir='ltr'><em>μ’</em></span> <span class='ocrx_word' id='word_1_300' title='bbox 687 4362 781 4449; x_wconf 81' lang='grc' dir='ltr'><em>οὗτος</em></span> <span class='ocrx_word' id='word_1_301' title='bbox 802 4367 881 4460; x_wconf 83' lang='grc' dir='ltr'><em>άνήρ</em></span> <span class='ocrx_word' id='word_1_302' title='bbox 903 4372 988 4437; x_wconf 87' lang='grc' dir='ltr'><em>κατά</em></span> <span class='ocrx_word' id='word_1_303' title='bbox 1010 4374 1106 4457; x_wconf 91' lang='grc' dir='ltr'><em>δῶμα</em></span> <span class='ocrx_word' id='word_1_304' title='bbox 1127 4370 1242 4440; x_wconf 88' lang='grc' dir='ltr'><em>κιόντα</em></span> 
     </span>
     <span class='ocr_line' id='line_1_42' title="bbox 294 4461 1131 4560; baseline 0.011 -29"><span class='ocrx_word' id='word_1_305' title='bbox 294 4461 333 4532; x_wconf 78' lang='grc' dir='ltr'><em>σύ</em></span> <span class='ocrx_word' id='word_1_306' title='bbox 353 4490 388 4550; x_wconf 92' lang='grc' dir='ltr'><em>τι</em></span> <span class='ocrx_word' id='word_1_307' title='bbox 409 4466 510 4533; x_wconf 85' lang='grc' dir='ltr'><em>κακόν</em></span> <span class='ocrx_word' id='word_1_308' title='bbox 532 4465 668 4554; x_wconf 84' lang='grc' dir='ltr'><em>ῥέξαντα</em></span> <span class='ocrx_word' id='word_1_309' title='bbox 688 4471 800 4555; x_wconf 78' lang='grc' dir='ltr'><em>βαλών</em></span> <span class='ocrx_word' id='word_1_310' title='bbox 822 4467 976 4560; x_wconf 80' lang='grc' dir='ltr'><em>ὀδύνῃσιν</em></span> <span class='ocrx_word' id='word_1_311' title='bbox 998 4470 1131 4557; x_wconf 75' lang='grc' dir='ltr'><em>ἔδωκεν,</em></span> 
     </span>
    </p>
   </div>
   <div class='ocr_carea' id='block_1_6' title="bbox 0 0 1529 5232">
    <p class='ocr_par' dir='ltr' id='par_1_7' title="bbox 0 0 1529 5232">
     <span class='ocr_line' id='line_1_43' title="bbox 0 0 1529 5232; baseline 0 0"><span class='ocrx_word' id='word_1_312' title='bbox 0 0 1529 5232; x_wconf 95' lang='lat' dir='ltr'><em> </em></span> 
     </span>
    </p>
   </div>
  </div>
 </body>
</html>
