3032 5242
299 335 321 398 4

300 491 337 554 Ε.
397 484 579 574 Καλυψοῦς
600 476 724 568 δίντρον.
766 470 948 552 Ὀδυσσέως
969 468 1093 553 σχεδία.
1412 472 1433 530 5

369 607 517 674 ἐκκλησίαν
533 605 588 658 τῶν
605 601 680 657 θεῶν
698 597 831 665 δευτέραν
848 588 1040 663 ποιησάμενος
1058 589 1158 650 όΖεὺς
1172 588 1279 665 Ἑρμῆν
1295 592 1409 661 πέμπει

400 683 473 760 πρὸς
490 680 617 752 Καλυψὼ
634 675 750 734 κελεύων
772 674 961 745 ἀποπέμπειν
977 671 1028 727 τὸν
1042 669 1188 727 Ὀδυσσέα.
1224 667 1240 740 ἣ
1260 670 1292 724 δέ
1309 670 1341 724 τδ
1360 688 1408 724 κε-

398 764 516 820 λευσθὲν
533 767 621 817 ποιεῖ.
655 762 689 834 τῇ
706 759 737 815 δέ
750 751 970 826 ὀκτωκαιδεκάτῃ
988 749 1078 824 ἡμέρα
1091 752 1161 808 λδὼν
1173 750 1285 807 αύτδνό
1300 756 1407 805 Ποσει-

398 847 457 901 δῶν
468 847 515 899 καλ
523 837 686 916 χαλεπήνας
697 836 754 894 λύει
766 839 816 908 τήν
829 836 953 908 σχεδίαν.
986 832 1047 889 Ἰνδι
1060 833 1091 887 δέ
1104 831 1179 903 αύτῷ
1192 833 1294 887 δίδωσι
1305 830 1408 906 κρήδε-

397 945 479 998 μνον,
498 923 675 996 ἐντειλαμένη
692 916 821 988 ἐπιβάντι
838 920 886 985 τῆς
900 918 952 985 τῆς
964 913 1127 988 ἀπορρῖψαι
1140 911 1216 970 αύτύ.
1253 913 1405 970 καὶπολλὰ

399 1007 503 1064 παθὼν
522 1009 560 1066 ελς
577 1004 628 1074 τὴν
645 1005 701 1056 τῶν
720 996 856 1055 Φαιάκων
868 993 967 1070 χοίραν
986 995 1094 1070 ἔρχεται
1113 995 1273 1057 διασωθείς.

298 1138 336 1198 Ζ.
392 1124 576 1206 Ὀδυσσέως
599 1118 716 1214 δίφιξις
738 1116 787 1200 εἰς
810 1113 971 1196 Φαίακας.
1409 1117 1429 1178 6

365 1245 514 1304 Ναυσικάα
536 1245 553 1317 ή
573 1243 697 1301 Ἀλκίνου
719 1237 846 1312 θυτάτηρ
864 1235 921 1294 ὑπὸ
945 1235 1056 1312 ὀνείρου
1074 1243 1271 1310 προτραπεῖσα
1288 1239 1337 1293 ἐπὶ
1354 1238 1406 1294 τὸν

399 1328 532 1402 ποταμὸν
546 1325 654 1384 κάτεισι
668 1324 814 1382 πλυνοῦσιι
823 1320 998 1406 τήνέσδήτα.
1020 1318 1092 1391 μετὰ
1103 1319 1134 1374 δέ
1144 1318 1176 1376 τὸ
1187 1321 1290 1375 πλῦναι
1300 1315 1404 1374 παιδιά

384 1429 440 1469 ,τις
452 1406 540 1463 ὁποία
558 1408 631 1468 εἰκὸς
648 1403 697 1462 διδι
719 1407 843 1478 σφαίρας
859 1404 921 1458 ταῖς
942 1395 1039 1472 κόραις
1054 1404 1170 1455 τίνετοιι.
1204 1396 1354 1460 Ὀδυσσεὺς
1372 1399 1403 1455 δέ

397 1487 523 1563 θορύβου
544 1493 698 1561 τενομένου
718 1488 890 1550 διυπνίσθη,
917 1483 964 1534 καὶ
987 1481 1105 1549 ἐσθῆτος
1134 1479 1225 1552 τυχὼν
1246 1484 1331 1555 μέχρι
1354 1484 1404 1535 τοῦ

397 1573 446 1639 τῆς
464 1567 583 1641 Ἀθηνᾶς
600 1573 685 1644 ἱεροῦ,
705 1565 720 1623 ὃ
739 1566 796 1640 πρὸ
814 1565 862 1632 τῆς
879 1560 987 1622 πόλεως
1004 1557 1047 1630 ήν,
1066 1558 1206 1617 συνύδευε
1223 1565 1256 1637 τῇ
1274 1559 1352 1636 κόρη.

297 1698 342 1758 Η.
388 1685 570 1766 Ὀδυσσέως
592 1680 725 1762 ε’ίσυδος
746 1684 833 1770 πρός
854 1679 1031 1750 Ἀλκίνουν.
1408 1689 1427 1748 7

366 1809 472 1880 Ἀθηνᾶ
491 1813 530 1868 τίς
546 1806 597 1877 τήν
622 1803 708 1860 πόλιν
725 1808 946 1877 παρατενομένῳ
962 1800 1095 1860 Ὀδυσσεῖ
1116 1802 1228 1874 ὑπαντᾷ
1250 1805 1297 1857 καί
1320 1799 1403 1865 ἀξιώ-

399 1907 480 1946 σαντι
502 1891 627 1944 δείκνυσι
648 1883 699 1940 τὸν
716 1881 842 1940 Ἀλκίνου
865 1885 956 1952 ολκον,
980 1887 1020 1943 εἰς
1036 1880 1070 1939 όν
1092 1882 1229 1939 εἰσελθὼν
1252 1882 1405 1944 Ὀδυσσεὺς

398 1977 574 2042 προσπίπτει
592 1974 652 2027 τοῖς
668 1967 717 2035 τής
736 1963 850 2037 Ἀρήτης
866 1963 981 2034 τόνασι,
1003 1971 1051 2020 καλ
1074 1966 1165 2020 δεῖται
1186 1962 1270 2035 αὐτῆς
1287 1969 1404 2037 πέμψαι

398 2049 484 2105 αὐτὸν
501 2055 541 2110 είς
558 2048 607 2119 τήν
624 2047 757 2117 πατρίδα.
794 2044 953 2115 ἀναστήσας
970 2047 1001 2101 δὲ
1020 2043 1105 2101 αύτὸν
1123 2044 1139 2100 δ
1155 2045 1294 2108 Ἀλκίνους
1311 2067 1403 2122 παρα-

397 2134 506 2194 καθίζει
523 2129 598 2199 αύτῷ
615 2131 661 2181 καὶ
679 2129 798 2184 δεῖπνον
816 2133 941 2201 παρέχει.
978 2126 994 2198 ή
1013 2128 1044 2181 δέ
1058 2124 1156 2198 Ἀρήτη
1174 2130 1335 2200 θεασαμένη
1354 2125 1404 2196 τήν

398 2213 505 2281 ἐσθῆτα
524 2208 698 2266 πυνθάνεται
710 2207 804 2262 πόθεν
817 2209 905 2278 ἔσχεν.
943 2205 958 2262 ό
977 2208 1008 2262 δέ
1027 2209 1164 2276 διηνεῖται
1176 2208 1271 2269 αὐτοῖς
1281 2207 1332 2265 τὸν
1344 2207 1402 2263 άπὸ

397 2294 552 2361 Καλυψοῦς
569 2293 660 2345 πλοῦν
682 2292 727 2342 καὶ
745 2287 777 2342 τὸ
794 2287 948 2360 πενόμενον
970 2286 1107 2344 ναυάτιυν
1124 2294 1170 2344 καὶ
1193 2288 1243 2359 τήν
1265 2287 1338 2362 πρὸς
1355 2287 1404 2345 αύ-

398 2371 464 2434 τούς
481 2370 579 2445 άηιξιν
596 2373 642 2425 καὶ
661 2366 706 2424 ὅτι
725 2369 837 2437 δεηθεὶς
853 2368 1017 2430 Ναυσικάας
1035 2369 1113 2439 ἔλαβε
1130 2371 1180 2439 τήν
1196 2372 1312 2441 ἐσθῆτα.

301 2512 339 2575 Θ.
396 2503 579 2586 Ὀδυσσέως
601 2502 760 2583 σύστασις
781 2503 868 2589 πρὸς
890 2500 1050 2584 Φαίακας.
1406 2512 1424 2574 8

365 2630 495 2698 ἐκκλησία
512 2633 620 2682 σίνεται
637 2629 693 2681 τῶν
710 2623 847 2680 Φαιάκων
864 2626 930 2698 περὶ
947 2627 997 2678 τού
1015 2627 1103 2694 ξένου,
1121 2629 1168 2680 καὶ
1185 2628 1253 2688 ναῦς
1270 2631 1402 2683 καθέλκε-

397 2730 444 2763 ται
461 2706 534 2779 πρὸς
550 2706 703 2778 ἐκπομπήν
720 2710 770 2760 τοῦ
785 2704 948 2767 Ὀδυσσέως,
968 2709 1014 2759 καὶ
1026 2709 1173 2762 έστιυλνται
1185 2706 1263 2782 παρά
1281 2712 1320 2780 τῷ
1340 2707 1401 2764 Ἀλ-

397 2796 465 2860 κίνῳ
488 2792 543 2845 τῶν
561 2785 696 2843 Φαιάκων
718 2790 747 2840 οἱ
768 2786 888 2860 ἄριστοι.
924 2790 971 2840 καὶ
993 2785 1063 2860 μετά
1087 2791 1172 2843 ταῦτα
1195 2790 1283 2860 δίσκῳ
1301 2788 1402 2847 άτωνί-

399 2875 491 2936 ζονται
510 2876 636 2929 Φαίακες
652 2872 698 2922 καὶ
718 2865 876 2928 Ὀδυσσεύς.
911 2871 956 2921 καὶ
975 2865 990 2922 ό
1010 2867 1180 2943 Δημόδοκος
1202 2865 1264 2940 ᾄδει
1285 2874 1402 2944 πρῶτον

397 2954 451 3025 μὲν
468 2952 501 3007 τά
522 2956 588 3026 περὶ
605 2952 657 3020 τήν
672 2955 804 3023 μοιχείαν
821 2947 921 3023 Ἄρεως
943 2953 989 3003 καὶ
1009 2950 1185 3024 Ἀφροδίτης,
1204 2953 1300 3008 ἔπειτα
1319 2954 1351 3008 δέ
1367 2955 1401 3008 τὰ

398 3038 464 3109 περὶ
485 3030 536 3102 τήν
559 3031 715 3101 εδσατωτήν
739 3033 789 3087 τοῦ
811 3031 943 3103 δουρείου
966 3033 1067 3086 ίππου.
1108 3037 1154 3088 καλ
1177 3037 1228 3088 τοῦ
1247 3031 1403 3097 ’Ὀδυσσέως

397 3121 542 3175 κλαίοντος
560 3113 575 3169 ό
595 3110 735 3173 Ἀλκίνους
752 3109 928 3169 πυνθάνεται
947 3112 995 3167 διὰ
1015 3119 1044 3168 τί
1059 3115 1148 3170 κλαίει
1165 3118 1211 3169 καὶ
1228 3122 1272 3180 τίς
1287 3121 1333 3172 καλ
1350 3115 1401 3174 πό·

397 3204 451 3253 θεν
468 3202 519 3265 εἴη.

294 3325 428 3386 λ-Μ,
473 3314 624 3386 Ἀλκίνου
647 3311 824 3394 αἰπόλοι-ος.
1386 3325 1465 3387 942

293 3479 320 3540 1.
379 3472 591 3540 Κυκλώπεια.
867 3486 869 3490 ’
1401 3481 1420 3541 9

362 3592 433 3664 ἀρχή
452 3595 508 3649 τιόν
522 3589 678 3652 ’Ὀδυσσέως
695 3588 883 3663 διητημάτων,
903 3593 934 3646 ἐν
951 3587 994 3652 οἶς
1010 3597 1081 3666 φησὶ
1099 3595 1326 3665 πεπολεμηκέναι
1341 3600 1400 3654 τοῖς

394 3680 498 3729 Κίκοσι
516 3678 563 3728 καὶ
581 3674 654 3744 πρὸς
671 3671 737 3731 τοὺς
754 3668 955 3742 Λωτοφάτους
972 3679 1193 3748 παρατενέσθαι,
1212 3678 1258 3728 καλ
1277 3671 1321 3729 ὅτι
1338 3675 1396 3730 ἐτύ-

394 3757 488 3827 φλωσε
506 3754 556 3809 τὸν
573 3749 717 3808 Κύκλωπα
729 3751 917 3826 Πολύφημον,
937 3755 982 3806 καὶ
1000 3751 1037 3814 ὠς
1055 3756 1159 3821 ἐκεῖνος
1176 3758 1333 3829 κατέφατεν
1351 3752 1398 3810 αύ-

394 3838 443 3890 τού
461 3833 491 3898 ἐξ
508 3835 634 3908 ἑταίρους
652 3831 711 3888 ἀπὸ
730 3832 840 3888 δώδεκα
859 3831 1059 3892 συνελθόντων.

293 3960 334 4020 Κ.
389 3955 431 4022 τά
453 3955 532 4045 περὶ
554 3953 688 4024 Αἰόλου
710 3954 768 4020 καί
790 3954 1052 4044 Λαιστρυτόνων
1072 3957 1130 4026 καὶ
1152 3955 1286 4048 Κίρκης.
1402 3972 1438 4032 10

270 4089 272 4092 ·
361 4075 394 4129 τά
413 4081 478 4146 περὶ
495 4077 545 4132 τὸν
556 4080 667 4134 Αἴολον
683 4075 854 4130 δπατνέλλει
869 4075 920 4132 τὸν
937 4079 994 4154 τόν
1010 4075 1122 4150 άνέμων
1139 4077 1258 4152 φύλακα,
1276 4078 1313 4140 ὡς
1330 4079 1396 4134 ἐδω-

392 4173 440 4210 κεν
453 4153 586 4211 ’Ὀδυσσεῖ
601 4159 632 4213 ἐν
649 4155 728 4229 ἀσκῷ
740 4154 872 4229 ἀνέμους·
890 4157 1024 4219 λύσαντες
1041 4160 1073 4213 δέ
1091 4163 1120 4212 ol
1131 4159 1238 4235 ἑταῖροι
1256 4165 1396 4236 κοιμωμέ-

391 4253 444 4290 νου
459 4232 616 4298 Ὀδυσσέως
632 4237 826 4296 ύπονοστοῠσι
843 4237 917 4312 πρὸς
932 4243 1051 4293 Αἴολον.
1087 4245 1133 4295 καὶ
1151 4239 1188 4301 ὡς
1205 4245 1245 4302 ελς
1257 4250 1399 4314 Λαιστρυ-

391 4322 492 4372 τονίαν
510 4315 660 4389 ἀφίκοντο,
686 4323 755 4378 ἔνθα
773 4320 872 4376 ἕνδεκα
894 4322 962 4379 ναῦς
978 4317 1131 4378 ἀπώλεσεν.
1167 4327 1214 4377 καὶ
1236 4319 1290 4378 ὅσα
1309 4324 1398 4380 ἔπαθε

392 4395 470 4470 παρὰ
493 4403 584 4473 Κίρκη
606 4400 857 4478 μεταμορφωσάση
876 4399 962 4456 αὐτοῦ
985 4402 1051 4464 τούς
1068 4403 1197 4477 ἑταίρους
1219 4411 1259 4466 είς
1281 4408 1331 4467 σός
1353 4409 1397 4460 καλ

392 4476 479 4534 πάλιν
496 4476 603 4556 δίνδρας
620 4483 774 4558 ποιησάσῃ.
809 4487 855 4538 καὶ
874 4482 953 4542 ὅπως
971 4480 1055 4546 αι’·τδς
1073 4485 1174 4558 ταύτην
1192 4489 1309 4561 διέφντε
1327 4484 1395 4562 παρ’
