3014 5236
335 325 378 390 96
709 327 734 374 ε.
771 323 1023 378 mmm
1041 324 1067 376 ο

334 473 483 546 λίσσοντ’
504 477 539 546 δν
559 478 638 567 νειῷ
660 469 756 567 οάρον
777 477 874 546 πέλει
894 475 1076 568 ήμιόνοιιν,

280 589 322 652 ιιε·
332 579 454 650 τόσσον
475 573 715 668 ὑπεκπροθέων
735 581 836 660 λαοδς
856 576 958 659 ἵκεθ’,
981 575 1018 648 οἳ
1037 579 1075 648 δέ
1090 577 1237 652 λίποιτο.

332 677 368 750 οἳ
385 683 423 750 δέ
444 679 695 771 παλαιμοσύνης
716 677 884 771 ἀλετεινῆς
904 680 1120 771 πειρήσαντο·

330 786 371 876 τῇ
392 780 432 855 δ’.
448 778 522 851 αὖτ’
543 779 713 870 Εὐρύαλος
734 779 935 852 ἀπεκαίνυτο
957 783 1086 864 πάντας
1106 780 1269 874 ἀρίστους.

291 945 294 951 .
331 884 455 973 ἅλματι
478 881 511 954 δ’
532 882 721 976 Ἀμφίαλος
743 885 874 952 πάντων
895 884 1162 976 προφερέστατος
1181 879 1251 976 ήεν·

331 987 436 1079 δίσκῳ
458 983 490 1055 δ’
514 981 554 1056 αδ
576 987 711 1054 πάντων
733 988 818 1056 πολδ
840 987 1001 1078 φέρτατος
1021 980 1079 1077 ήεν
1097 985 1279 1078 Ἐλατρεύς,

277 1121 317 1162 ιεο
330 1091 399 1172 πδξ
420 1087 452 1158 δ’
474 1082 515 1157 αὖ
536 1088 730 1174 Λαοδάμας
751 1085 884 1172 ἀιαθός
904 1089 989 1170 πάις
1008 1087 1202 1160 Ἀλκινόοιο.

373 1190 475 1281 αότάρ
496 1190 575 1260 έπεί
597 1192 638 1281 δή
659 1190 782 1272 πάντες
803 1191 1020 1283 έτάρφθησαν
1041 1189 1134 1282 φρέν’
1157 1188 1308 1272 ἀέθλοις,

327 1301 400 1376 τοῖς
420 1292 484 1384 ἀρα
505 1293 698 1381 Λαοδάμας
717 1297 853 1386 μετέφη,
875 1294 960 1376 πάις
982 1292 1179 1378 Ἀλκινόοιο,

325 1395 454 1481 “dem
477 1395 585 1489 φίλοι,
607 1397 665 1465 τόν
686 1399 788 1479 ξεῖνον
809 1397 968 1485 ἐροίμεθα
991 1394 1025 1466 εί
1042 1395 1107 1466 τιν’
1130 1393 1252 1466 ἀεθλον

329 1501 421 1570 εοῖδέ
440 1525 477 1568 τε
497 1500 555 1568 καὶ
577 1499 727 1588 δεδάηκε.
771 1501 857 1590 φυήν
877 1525 916 1568 τε
936 1501 996 1586 μέν
1019 1498 1056 1570 οδ
1079 1499 1179 1581 κακός
1200 1499 1298 1579 ἐστιν,

278 1635 317 1678 ιεο
329 1603 452 1694 μηρούς
472 1628 508 1670 τε
529 1601 653 1692 κνήμας
674 1626 711 1669 τε
731 1601 789 1670 καί
812 1599 913 1693 ἀμφω
934 1608 1046 1693 χεῖρας
1065 1602 1212 1693 δπερθεν

331 1703 450 1791 αὐχένα
471 1730 508 1773 τε
529 1704 687 1793 στιβαρόν
707 1706 794 1788 μέσα
815 1729 852 1772 τε
872 1705 1009 1786 σθένος·
1031 1703 1111 1773 οόδέ
1129 1729 1163 1772 τι
1185 1702 1268 1794 ήβης

330 1808 471 1877 δεύεται.
516 1803 599 1876 ἀλλά
621 1811 756 1876 κακοῖσι
778 1806 990 1899 συνέρρηκται
1012 1808 1202 1878 πολέεσσιν·

330 1908 368 1980 οδ
389 1913 452 2001 πάρ
475 1909 539 1978 έπό
560 1909 599 1978 σέ
619 1907 654 1976 τί
675 1933 763 2000 φημι
784 1907 967 2000 κακοίιερον
988 1907 1069 1979 ἀλλο
1091 1907 1265 1996 θαλάσσης

329 2010 433 2104 ἀνδρα
454 2038 492 2080 τε
513 2013 681 2097 συσχεῧαι,
704 2009 735 2079 εί
756 2011 814 2080 καί
835 2011 926 2098 μάλα
947 2013 1104 2102 καρτερός
1125 2006 1205 2101 είη.”

267 2141 315 2190 ¹140
370 2118 428 2184 τόν
451 2111 481 2182 δ’
505 2107 577 2182 αὖτ’
598 2109 765 2202 Εόρόαλος
787 2111 1009 2202 ἀπαμείβετο,
1032 2113 1179 2205 φοίνησέν
1200 2136 1237 2180 τε

324 2214 551 2303 αΛαόδαμαν,
573 2215 663 2301 μάλα
683 2224 782 2285 τοῦτο
802 2218 909 2298 τέπος
929 2219 1015 2286 κατά
1035 2221 1152 2307 μοῖραν
1174 2207 1325 2294 έίτειπεςῖ)

372 2316 475 2411 αάτάρ
497 2318 574 2388 ἐπεὶ
594 2319 634 2387 τό
655 2315 689 2384 ι’
713 2314 829 2388 ἀκουά
851 2317 985 2400 ἀσαθδς
1006 2319 1092 2400 πάις
1113 2315 1309 2397 Ἀλκινόοιο,

328 2425 390 2515 στή
412 2421 444 2513 ῥ’
466 2421 501 2502 ές
520 2420 642 2508 μέσσον
663 2418 722 2489 ίιδν
742 2422 801 2490 καὶ
820 2418 984 2512 Ὀδυσσῆα
1004 2420 1227 2511 προσέεειπεν

275 2523 440 2617 ιιε“δεδρ’
464 2521 523 2593 ἀπε
544 2525 602 2592 καί
624 2524 680 2608 σά,
703 2525 785 2607 ξεῖνε
806 2524 928 2616 πάτερ,
951 2522 1112 2614 πείρησαι
1133 2521 1274 2603 ἀέθλιον,

329 2627 364 2698 εί
381 2626 456 2696 τινά
477 2651 544 2696 που
567 2626 738 2718 δεδάηκας.
782 2625 892 2698 έιεοικε
914 2626 953 2696 δέ
973 2624 1006 2697 α’
1027 2625 1124 2714 ίδμεν
1145 2623 1299 2706 ἀέθλους·

328 2728 366 2799 οδ
387 2730 450 2821 μήν
470 2731 533 2816 [ἀρ
555 2729 664 2814 μεῖζον
685 2729 779 2810 κλέος
800 2727 926 2819 ἀνέρος,
950 2726 1039 2821 όφρα
1060 2727 1093 2797 κ’
1116 2726 1224 2821 έησιν,

239 2919 243 2924 Ι
327 2829 350 2923 ἢ
371 2831 426 2900 δ’τι
447 2829 571 2899 ποσσίν
590 2855 628 2898 τε
649 2831 722 2922 ῥέξη
743 2832 802 2900 καί
822 2832 914 2923 χερσὶ
934 2834 1056 2923 εεῇσιν.

328 2929 396 3000 ἀλλ’
420 2928 478 3000 ἀπε
499 2931 676 3023 πείρησαι,
698 2932 863 3002 σκέδασον
886 2931 920 3001 δ’
943 2931 1014 3002 ἀπὸ
1035 2934 1138 3023 κήδεα
1159 2932 1279 3018 θυμοῦ.

275 3060 314 3102 ιιο
329 3035 382 3105 σοί
405 3031 439 3102 δ’
462 3031 542 3115 ὁδδς
564 3031 675 3103 οάκέιι
699 3037 798 3126 δηρόν
820 3034 1016 3120 ἀπέσσεται,
1039 3033 1123 3104 ἀλλά
1143 3060 1198 3104 τοι
1219 3030 1282 3125 ήδη

328 3139 404 3228 νηός
425 3163 461 3204 τε
483 3135 694 3224 κατείρυσται
715 3139 773 3206 καί
795 3139 953 3229 ἐπαρτέες
974 3137 1059 3209 εἰσίν
1079 3133 1234 3225 ἑταῖροι.»

369 3241 426 3309 τὸν
448 3236 479 3306 δ’
502 3236 771 3327 ἀπαμειβόμενος
791 3242 946 3333 προσέφη
969 3241 1153 3332 πολύμητις
1170 3233 1336 3314 Ὀδυσσεύς

260 3405 264 3420 ,
322 3340 549 3428 “Λαόδαμαν,
571 3339 606 3410 τί
627 3369 669 3428 με
689 3345 792 3410 ταῦτα
814 3343 961 3412 κελεύετε
981 3342 1224 3434 κερτομέιντεςς

327 3445 430 3536 κήδεά
451 3470 511 3530 μοι
532 3444 590 3513 καί
611 3446 735 3530 μᾶλλον
757 3444 805 3513 ένί
826 3445 943 3538 φρεσίν
965 3442 987 3536 ή
1007 3469 1071 3532 περ
1096 3441 1234 3527 ἀεθλοι,

274 3573 313 3616 ιεο
328 3543 367 3629 δς
387 3547 468 3637 πρίν
487 3547 548 3633 μέν
569 3545 659 3633 μάλα
680 3549 788 3616 πολλὰ
809 3549 927 3618 πάθον
948 3549 1136 3616 καὶπολλὰ
1156 3547 1302 3638 μόιησα,

326 3650 380 3716 νῦν
403 3649 440 3717 δέ
460 3647 541 3736 μεθ’
564 3646 701 3740 δμετέρη
724 3646 830 3741 ἀπορῇ
850 3649 983 3720 νόστοιο
1004 3648 1145 3734 χατίζων

325 3745 423 3842 ἧμαι,
445 3751 638 3838 λισσόμενος
659 3751 805 3842 βασιλῆά
826 3778 864 3820 τε
884 3752 994 3821 πάντα
1014 3777 1051 3820 τε
1072 3748 1206 3842 δῆμον.”

368 3856 425 3924 τὸν
447 3851 481 3922 δ’
504 3848 575 3922 αὖτ’
597 3850 765 3944 Εόρόαλος
786 3851 995 3942 ἀπαμείβετο
1015 3853 1142 3923 νείκεσέ
1160 3851 1192 3921 τ’
1214 3851 1316 3942 ἀντην.

321 3953 386 4025 “οά
406 3955 472 4044 τάρ
493 3953 525 4024 α’
548 3954 637 4038 οάδέ,
661 3957 755 4039 ξεῖνε,
779 3955 920 4046 δαήμονι
942 3957 1032 4047 φωτί
1052 3955 1194 4025 εετίσκιο

273 4089 313 4130 ιεο
327 4055 455 4142 ἀθλων,
479 4051 536 4128 οἷά
556 4084 593 4127 τε
614 4059 722 4127 πολλὰ
742 4054 817 4144 μετ’
839 4055 1057 4148 ἀνθρώποισι
1079 4059 1253 4141 πέλονται,

327 4158 411 4229 ἀλλά
431 4162 480 4250 τῷ
502 4157 539 4241 ὅς
559 4158 598 4229 θ’
623 4157 693 4246 ἅμα
714 4161 767 4252 νηί
789 4161 990 4252 πολυκλήιδι
1012 4159 1177 4248 θαμίζων,
1277 4201 1282 4210 ·

326 4261 425 4355 ἀρχάς
445 4261 593 4332 ναυτάων
615 4265 707 4332 οἵτε
729 4266 911 4355 πρηκτῆρες
931 4263 1038 4348 ἔασιν,

360 4493 408 4544 142
427 4488 511 4549 αὐτὸς
527 4490 578 4544 νῢν
596 4485 787 4560 προκάλεσσαι
805 4487 856 4543 δάιν
873 4489 919 4542 καί
937 4489 1068 4562 πέφραδε
1084 4475 1190 4561 μόθον.
