3032 5242
502 329 528 381 4.
567 327 812 382 ΟΔΨΣΣΕΙΑΣ
829 329 857 382 Δ

65 511 108 552 ιοο
124 483 232 571 δῶρον
254 477 286 549 δ’
310 479 383 549 ὅττι
404 482 443 550 κέ
463 507 523 568 μοι
545 479 649 574 δοίης,
672 480 843 573 κειμήλιον
864 479 962 552 ἐστω·

120 585 253 663 ἵππους
275 579 305 650 δ’
329 577 378 663 είς
396 578 531 674 Ἰθάκην
553 581 611 652 οόκ
633 581 764 669 άξομαι,
788 581 873 652 ἀλλὰ
895 587 950 656 σοί
973 583 1063 678 αὐτῷ

121 683 247 754 ἐνθάδε
268 681 378 774 λείψω
400 679 548 770 άεαλμα·
572 685 612 753 σι)
633 686 696 775 κάρ
719 683 855 754 πεδίοιο
876 687 1054 770 εανάσσεις

121 785 243 877 εὐρέος,
267 778 295 875 ᾧ
316 783 365 854 ἔνι
386 786 447 873 μὲν
468 789 572 868 λωτὸς
593 786 706 870 πολός,
730 787 764 856 ἐν
786 789 824 856 δὲ
844 787 1003 880 κύπειρον

120 888 226 981 πυροί
247 915 283 962 τε
306 891 393 977 ζειαί
413 916 449 960 τε
471 889 528 958 καί
551 886 709 980 εὐρυφυὲς
728 895 782 980 κρῖ
802 890 925 961 λευκόν.

64 1022 106 1064 ωε
121 991 158 1060 ἐν
180 989 212 1059 δ’
233 991 347 1087 Ἰθάκη
371 991 441 1063 οὔτ’
463 989 505 1081 ι’ίρ
528 990 650 1078 δρόμοι
672 988 779 1079 είρέες
801 989 875 1061 οίίτε
896 1019 932 1061 τι
951 993 1089 1081 λειμυίν·

121 1091 303 1182 αίείβοτος,
326 1097 384 1166 καί
405 1097 530 1183 μᾶλλον
552 1092 719 1184 ἐπήρατος
741 1091 957 1181 ἱπποβότοιο.

122 1193 162 1264 οὐ
182 1197 245 1287 κάρ
267 1223 319 1279 τις
339 1198 445 1289 νήσων
466 1193 658 1285 ἱππήλατος
679 1191 752 1262 οὐδ’
775 1194 939 1282 ἐυλείμων,

121 1300 163 1366 αἵ
181 1297 224 1367 θ’
246 1297 301 1370 ἁλί
323 1299 507 1370 κεκλίαται·
527 1294 644 1387 Ἰθάκη
668 1296 707 1366 δέ
727 1321 764 1364 τε
785 1298 842 1366 καὶ
864 1299 953 1389 περίΙ
966 1298 1124 1370 πασέων.”

166 1394 211 1483 ὦς
232 1402 330 1493 φάτο,
352 1401 508 1493 μείδησεν
530 1400 568 1468 δὲ
589 1400 672 1490 βοήν
694 1396 825 1481 ἀσαθδς
846 1402 1026 1486 Μενέλαος,

64 1534 105 1574 ιιι
119 1501 210 1593 χειρί
229 1503 268 1572 τέ
286 1530 345 1590 μιν
366 1503 525 1590 κατέρεξε,
548 1500 652 1582 είπος
671 1498 701 1568 τ’
726 1498 826 1592 ἔφατ’
848 1499 884 1570 ἐκ
905 1501 937 1570 τ’
959 1502 1123 1592 ὀνόμαζεν.

114 1601 283 1691 ἀἵματός
305 1604 352 1686 είς
375 1602 529 1687 ἀεαθοίο,
553 1600 651 1693 φίλον
673 1601 777 1685 τέκος,
802 1595 1054 1694 οἷ”ἀεορεόεις

119 1707 240 1797 του-ἀρ
262 1705 328 1776 ἐνυί
349 1733 405 1776 τοι
426 1707 531 1774 ταῦτα
552 1703 760 1794 μεταστήσω·
784 1705 927 1792 δύναμαι
947 1709 1020 1796 κάρ.

121 1811 231 1895 δῶρον
252 1806 293 1892 δ’,
317 1806 391 1877 ὅστ’
415 1808 449 1878 ἐν
471 1807 542 1896 ἐμῷ
562 1804 667 1895 εοίκῳ
689 1806 847 1897 κειμήλια
868 1815 985 1893 κεῖται,

121 1909 221 1978 διόσω
244 1904 265 1979 δ’
287 1909 463 1980 κάλλιπον
484 1907 541 1976 καί
563 1907 780 1997 τιμηέστατον
801 1907 898 1978 ἐστίν.

66 2041 106 2082 ιιι
122 2012 222 2081 διόσω
243 2038 298 2080 τοι
319 2015 463 2104 κρητήρα
483 2008 690 2095 σεται-μένον·
713 2007 871 2099 ἀριόρεος
892 2013 931 2080 δέ

121 2111 214 2183 ἐστιν
236 2112 336 2198 ἅπας,
358 2117 468 2206 χρυσῷ
490 2112 522 2181 δ’
546 2112 606 2180 ἐπί
626 2109 737 2197 χείλεα
758 2113 964 2200 κεκράανται,

118 2217 238 2306 εέρνον
259 2214 291 2284 δ’
310 2214 521 2308 Ἡφαίστοιο.
566 2212 670 2303 πόρεν
692 2212 730 2281 δέ
747 2238 786 2280 τε
810 2212 979 2302 Φαίδιμος
999 2215 1094 2307 ήρως,

119 2315 283 2387 Σιδονίων
304 2320 467 2407 βασιλεύς,
491 2314 542 2387 ὅτ’
566 2317 642 2397 εἐδς
664 2315 767 2402 δόμος
789 2314 1027 2409 ἀμφεκάλυψεν

121 2420 214 2490 κεῖσέ
232 2448 274 2507 με
295 2421 511 2512 νοστήσαντα·
533 2421 602 2488 τείν
625 2417 656 2487 δ’
679 2419 786 2488 ἐθέλω
808 2419 881 2489 τόδ’
903 2421 1082 2491 όπάσσαι.”

69 2554 110 2595 ειο
168 2516 213 2604 ὦς
235 2519 273 2592 οἳ
289 2525 348 2610 μὲν
368 2525 509 2592 τοιαῦτα
531 2523 619 2611 πρός
639 2518 799 2611 ἀλλήλους
821 2519 986 2613 ἀεόρευον,

69 2655 109 2695 ωε
122 2627 302 2717 μνηστῆρες
324 2626 362 2694 δὲ
385 2625 554 2716 πάροιθεν
573 2622 753 2712 Ὀδυσσῆος
773 2623 935 2713 μεεάροιο

123 2725 289 2797 δίσκοισιν
306 2727 472 2818 ,τέρποντο
493 2729 551 2795 καί
574 2724 763 2817 αίτανίησιν
786 2722 895 2809 λέντες,

121 2830 155 2898 ἐν
175 2831 285 2920 τυκτῷ
307 2829 455 2920 δαπέδῳ,
479 2828 542 2898 ὅθι
567 2853 630 2918 περ
653 2827 762 2919 πάρος
782 2826 877 2921 ὕβριν
899 2827 1039 2914 ἔχεσκον.

121 2930 289 3015 Ἀντίνοος
310 2935 348 3002 δὲ
369 2936 522 3024 καθῆστο
544 2932 603 3000 καὶ
625 2929 818 3020 Εὐρύμαχος
840 2934 1029 3023 θεοεειδής,

124 3033 220 3126 ἀρχοὶ
241 3036 441 3128 μνηστήρων,
465 3033 564 3126 ἀρετῇ
587 3031 619 3101 δ’
643 3031 721 3102 ἔσαν
742 3032 830 3120 ἔξοχ’
852 3032 997 3127 άριστοι.

71 3169 110 3208 εει
124 3142 193 3218 τοῖς
217 3134 250 3205 δ’
272 3135 344 3219 υὶδς
367 3136 524 3228 Φρονίοιο
545 3134 690 3226 Νοήμων
711 3135 850 3206 ἐντόθεν
871 3138 980 3208 ἐλθών

123 3237 289 3308 Ἀντίνοον
309 3239 472 3326 μόθοισιν
495 3236 705 3326 ἀνειρόμενος
726 3241 967 3326 προσένειπεκ

118 3338 291 3426 ’(Ἅντίνοζ
314 3337 337 3431 ή
358 3339 401 3431 ῥά
421 3369 456 3410 τι
476 3339 592 3426 είδμεν
613 3340 662 3409 ἐνί
684 3339 809 3431 φρεσίν,
832 3337 872 3432 ήε
893 3344 950 3410 καί
972 3342 1057 3429 οὐκί,

125 3441 259 3511 ὁππότε
285 3443 472 3534 Τηλέμαχος
494 3439 571 3510 νεῖτ’
595 3441 632 3510 ἐκ
653 3442 767 3511 Πόλου
788 3441 1011 3532 ήμαθόεντοςς

125 3544 184 3634 νῆά
205 3572 268 3632 μοι
289 3543 392 3632 οἴχετ’
415 3543 510 3628 άσων,
534 3545 593 3630 ἐμὲ
616 3543 654 3612 δὲ
675 3546 759 3634 χρειί
780 3542 928 3614 τίτνεται
951 3544 1052 3638 αάτής
1099 3557 1105 3568 ’

71 3643 242 3715 αι’Ήλιδ’
264 3647 300 3729 ἐς
321 3645 490 3738 εόρόχορον
512 3646 719 3737 διαβήμεναι,
742 3643 826 3715 ἔνθα
847 3673 907 3732 μοι
929 3651 1035 3719 ἵπποι

126 3749 255 3818 δώδεκα
276 3750 425 3841 θήλειαι,
447 3749 516 3818 δπδ
538 3746 569 3816 δ’
591 3745 725 3838 ήμίονοι
746 3749 942 3840 ταλαεερνοί

126 3849 279 3942 ἀδμῆτες·
300 3854 367 3920 τῶν
387 3852 441 3921 κέν
461 3850 526 3921 τιν’
548 3851 770 3936 ἐλασσάμενος
791 3851 1029 3944 δαμασαίμην.”

167 3947 211 4036 ὥς
232 3951 351 4046 ἔφαθ’,
374 3951 412 4022 οἳ
431 3952 461 4023 δ’
486 3952 548 4024 ἀνὰ
569 3955 681 4040 θυμὸν
702 3952 886 4041 ἐθάμβεον·
910 3953 948 4024 οό
969 3957 1032 4043 εοὶρ
1054 3953 1178 4047 ἔφαντο

158 4231 204 4283 621
225 4227 392 4302 δαιτυμόνες
409 4226 437 4283 δ’
457 4229 485 4289 ἐς
503 4225 612 4301 δώματ’
634 4233 699 4284 ίσαν
717 4235 799 4284 θείου
815 4234 955 4298 βασιλῆος.

223 4317 252 4369 οἳ
270 4314 298 4369 δ’
319 4309 389 4384 ήεον
406 4316 460 4387 μὲν
476 4317 560 4387 μῆλα,
579 4316 668 4387 φέρον
685 4315 704 4368 δ
712 4314 719 4332 ’
740 4313 858 4388 ἐυήνορα
875 4322 986 4376 τοίνυν·

224 4407 305 4457 σῖτον
322 4401 355 4454 δέ
372 4399 424 4477 σφ’
445 4398 546 4471 ίίλοχοι
564 4399 795 4472 καλλικρήδεμνοι
813 4402 950 4474 ἔπεμπον.

223 4476 260 4546 ὦς
278 4490 306 4540 οἳ
324 4487 378 4558 μὲν
396 4490 461 4561 περὶ
481 4487 600 4542 δεῖπνον
617 4486 658 4540 ἐνὶ
674 4483 826 4560 μετάρσιοι
844 4490 974 4544 πένοντο.
