3014 5236
329 375 391 440 ρης
703 375 728 424 ο.
765 373 1051 426 οΔακτειιεο

326 533 419 596 κεῖθι
442 528 483 617 δή
506 523 677 596 αἰνότατον
699 524 844 610 πόλεμον
866 525 955 613 φάτο
976 525 1183 616 τολμήσαντα

272 657 312 700 ενυ
326 631 458 720 νικῆσαι
479 629 536 696 καὶ
557 626 676 698 ἔπειτα
698 629 757 696 διά
777 627 972 714 μετάθυμον
993 625 1147 719 Ἀθήνην.

368 727 460 798 ταῦτ’
483 727 536 821 ἱέρ’
560 727 675 811 άοιδὸς
696 727 788 798 άειδε
810 729 1019 818 περικλυτός·
1043 727 1144 819 αύτάρ
1170 728 1346 810 Ὀδυσσεύς

325 831 454 922 τήκετο,
478 831 581 920 δάκρυ
604 829 639 900 δ’
661 829 769 900 έδευεν
790 827 858 898 ύπδ
879 831 1080 920 βλεφάροισι
1103 829 1254 917 παρειάς.

326 931 371 1014 ὥς
393 934 429 1001 δὲ
449 935 526 1022 τυνή
550 933 684 1023 κλαίησι
706 931 805 1024 φίλον
826 932 929 1000 πόσιν
951 929 1204 1021 ἀμφιπεσοῦσα,

327 1034 363 1116 ὅς
382 1061 419 1102 τε
439 1038 515 1124 τεῆς
536 1034 688 1122 πρόσθεν
709 1034 829 1114 πόλιος
850 1035 938 1100 λαῶν
958 1059 994 1102 τε
1016 1033 1169 1126 πέσῃσιν,

273 1169 312 1210 επ
326 1138 443 1205 τάστει
465 1137 522 1204 καῖ
543 1135 711 1204 τεκέεσσιν
732 1131 862 1220 α’μύνων
882 1133 992 1224 νηλεές
1014 1126 1116 1224 ήμαρ·

327 1234 348 1329 ή
370 1240 429 1324 μέν
449 1237 507 1306 τδν
527 1236 716 1328 θνήσκοντα
738 1236 794 1304 καί
817 1233 1025 1326 ἀσπαίροντα
1045 1237 1189 1304 τιδοῖσα

328 1337 414 1430 ἄμφ’Γ
438 1336 525 1429 αύτῷ
545 1340 663 1427 χυμένη
686 1335 763 1404 λίτα
784 1335 918 1404 κωκύει·
940 1333 978 1404 οἳ
998 1336 1036 1404 δέ
1055 1333 1087 1403 τ’
1109 1334 1255 1406 όπισθεν

327 1441 505 1521 κόπτοντες
527 1441 678 1529 δούρεσσι
701 1439 905 1528 μετάφρενον
925 1435 986 1528 ήδέ
1008 1438 1065 1506 καί
1088 1435 1197 1524 δόμους

329 1541 453 1633 εῖρερον
475 1540 697 1623 είσανάτουσι,
721 1540 823 1609 πόνον
844 1537 876 1607 τ>
899 1539 1010 1624 ἐχέμεν
1031 1540 1089 1607 καί
1112 1537 1217 1634 ὀιζύν·

274 1681 314 1720 ειο
328 1649 387 1735 τῆς
408 1643 439 1713 δ’
461 1642 672 1731 ἐλεεινοτάτῳ
697 1639 771 1725 άχεῖ
790 1641 1002 1732 φθινύθουσι
1025 1640 1178 1731 παρειαί·

329 1740 374 1828 ὥς
391 1744 545 1825 Ὀδυσεύς
565 1745 706 1812 ἐλεεινὸν
726 1740 786 1810 ὑπ’
811 1739 934 1832 ὀφρύσι
957 1741 1098 1830 δάκρυον
1121 1737 1217 1829 εἶβεν.

327 1845 402 1916 ἕνθ’
425 1844 542 1927 άλλους
562 1847 621 1932 μὲν
643 1845 771 1926 πάντας
792 1845 954 1912 ἐλάνθανε
976 1843 1102 1930 δάκρυα
1123 1844 1253 1930 λείβων,

327 1947 497 2029 Ἀλκίνοος
520 1948 558 2016 δέ
576 1974 634 2033 μιν
658 1941 729 2028 οἶος
750 1942 959 2036 ἐπεφράσατ’
982 1942 1042 2036 ήδὲ
1063 1946 1177 2036 νόησεν

327 2052 444 2141 ἥμενος
466 2047 539 2135 ὅκχ’
562 2046 674 2129 αύτού,
697 2048 781 2136 βαρύ
804 2047 841 2113 δὲ
862 2045 1071 2131 στενάχοντος
1093 2044 1239 2116 δίκουσεν.

274 2181 314 2222 555
330 2147 418 2239 αἶψα
441 2151 478 2218 δὲ
503 2150 689 2240 Φαιήκεσσι
711 2149 948 2239 φιληρέτμοισι
969 2149 1115 2239 μετηύδα

325 2251 497 2335 ((κέκλυτε,
521 2251 677 2341 Φαιήκων
697 2249 854 2340 ήτήτορες
875 2247 937 2340 ήδέ
956 2250 1126 2336 μέδοντες,
1170 2305 1175 2326 ,

279 2434 283 2440 ,
329 2353 529 2445 Δημόδοκος
551 2350 582 2419 δ’
603 2349 666 2442 ήδη
689 2349 837 2433 σχεθέτω
859 2350 1030 2441 φύρμιττα
1051 2356 1191 2422 λιτεῖαν·

330 2454 367 2524 ού
389 2455 452 2544 κάρ
474 2478 529 2521 πω
552 2454 714 2522 πάντεσσι
735 2451 946 2542 χαριζόμενος
967 2450 1042 2519 τάδ’
1066 2451 1182 2524 άείδει.

329 2559 366 2642 ἐξ
387 2551 425 2626 ού
449 2554 633 2644 δορπέομέν
653 2581 690 2622 τε
712 2554 769 2621 καὶ
791 2549 895 2642 ι’ύρορε
915 2559 1012 2634 θεῖος
1034 2553 1162 2638 άοιδός,

276 2696 316 2736 540
330 2662 366 2731 ἐκ
387 2662 446 2728 τοῦ
469 2655 502 2725 δ’
525 2653 564 2724 ού
585 2683 640 2724 πω
663 2651 810 2723 παύσατ’
834 2651 980 2744 ὀιζυροῖο
1001 2656 1098 2726 νόοιο

330 2751 487 2843 δ’ξεῖνος·
509 2759 600 2844 μάλα
621 2759 688 2826 πού
710 2784 768 2842 μιν
790 2753 869 2840 άχος
890 2757 1012 2847 φρένας
1034 2755 1269 2851 ἀμφιβέβηκεν,
1348 2806 1354 2812 .

330 2859 404 2930 ἀλλ’
427 2858 481 2928 δέκ’
505 2855 524 2928 δ
544 2861 604 2945 μέν
626 2859 786 2942 σχεθέτω,
809 2855 853 2925 ἵν’
877 2857 967 2943 ὅμως
988 2861 1193 2948 τερπώμεθα
1214 2862 1341 2939 πάντες,

330 2962 512 3045 ξεινοδόκοι
534 2959 592 3028 καὶ
613 2959 726 3042 ξεῖνος,
750 2958 826 3026 ε’πεὶ
848 2960 934 3026 πολύ
956 2958 1091 3029 κάλλιον
1112 2963 1228 3044 οὕτως·

331 3068 439 3132 εἵνεκα
459 3064 523 3150 τδρ
545 3062 668 3143 ξείνοιο
688 3057 767 3128 τάδ’
790 3057 936 3129 αἰδοίοιο
957 3062 1122 3146 τέτυκται,

276 3196 316 3237 ειε
330 3168 451 3257 πομπή
474 3164 532 3232 καὶ
554 3163 637 3254 φίλα
660 3166 764 3250 δῶρα,
786 3164 828 3230 τά
849 3189 904 3232 τοι
926 3162 1064 3250 δίδομεν
1084 3166 1261 3257 φιλέοντες.

329 3269 403 3339 άντῖ
424 3267 622 3357 κασιτνήτου
644 3265 747 3347 ξεῖνός
766 3263 805 3334 θ’
829 3262 937 3357 ἱκέτης
958 3292 994 3333 τε
1014 3266 1166 3336 τέτυκται
1220 3329 1221 3334 ,

331 3371 423 3461 άνίρι
446 3368 482 3451 ύς
503 3367 534 3438 τ’
558 3365 669 3437 άλίτυν
690 3393 754 3454 περ
777 3367 930 3458 έπιψαύη
954 3367 1190 3456 πραπίδεσσιν.

330 3477 377 3564 τῷ
398 3474 451 3540 νύν
472 3471 557 3562 μηδὲ
580 3472 619 3538 σύ
642 3472 743 3538 κεῦθε
765 3469 907 3559 νοήμασι
929 3470 1156 3557 κερδαλέοισιν

332 3574 405 3644 ὅττι
426 3574 464 3642 κε’
486 3571 516 3641 α’
541 3570 694 3663 ε’ίρωμαι·
718 3569 856 3661 φάσθαι
878 3572 915 3639 δέ
936 3594 974 3640 σε
996 3572 1131 3641 κάλλιον
1151 3573 1249 3642 ἐστίν.

278 3703 317 3744 550
330 3674 422 3746 τείπ’
446 3672 538 3761 ὄνομ’
562 3672 634 3742 ὅττι
657 3697 695 3742 σε
716 3679 811 3741 κεῖθι
830 3665 950 3741 κάλεον
971 3674 1077 3765 μήτηρ
1098 3701 1136 3743 τε
1157 3675 1266 3766 πατήρ
1286 3699 1321 3740 τε

331 3777 426 3848 άλλοι
448 3773 488 3845 θ’
510 3773 542 3843 οῖ
564 3777 648 3844 κατὰ
668 3775 771 3845 τάστυ
793 3775 851 3842 καῖ
875 3771 910 3843 οἳ
928 3776 1231 3863 περιναιετάουσιν·

331 3878 369 3950 ού
390 3881 454 3970 μήν
473 3877 537 3967 τάρ
558 3904 611 3959 τις
632 3879 777 3964 πάμπαν
800 3873 968 3963 άναίνυμός
988 3874 1058 3946 ἐστ’
1082 3875 1284 3966 ἀνθρώπων,

332 3980 370 4050 ού
392 3981 493 4061 κακὸς
513 3977 590 4048 ούδέ
610 3979 669 4066 μὲν
691 3976 827 4057 ἐσθλός,
851 3978 935 4067 ἐπήν
955 3980 998 4046 τά
1020 3981 1138 4067 πρῶτα
1157 3981 1302 4070 τένηται,

332 4080 404 4150 ἀλλ’
427 4082 487 4150 ἐπὶ
510 4090 598 4149 πᾶσι
619 4069 790 4158 τίθενται,
810 4077 887 4147 ἐπεί
908 4105 945 4146 κε
965 4080 1100 4163 τέκωσι,
1123 4085 1248 4172 τοκήες.
1319 4125 1321 4130 -

278 4213 317 4255 555
332 4185 430 4252 τειπὲ
453 4184 491 4251 δέ
511 4207 572 4268 μοι
592 4182 690 4249 ταῖάν
711 4208 747 4248 τε
767 4182 841 4272 τεήν
864 4182 968 4270 δῆμόν
988 4209 1024 4250 τε
1044 4183 1148 4252 πόλιν
1169 4209 1218 4266 τε,

334 4284 422 4375 όφρα
444 4309 482 4352 σε
502 4287 543 4373 τῇ
565 4283 728 4368 πέμπωσι
748 4283 980 4369 τιτυσκόμεναι
999 4284 1102 4373 φρεσί
1124 4287 1205 4374 νῆες.

334 4385 371 4456 ού
393 4388 455 4474 τδρ
479 4383 665 4474 Φαιήκεσσι
687 4387 919 4475 κυβερνητῆρες
941 4381 1045 4468 ἔασιν,

334 4487 413 4559 ούδέ
434 4515 468 4556 τι
490 4483 631 4578 πηδάλι’
653 4483 738 4567 ἔστι,
762 4486 803 4552 τά
825 4483 857 4552 τ’
881 4483 978 4554 άλλαι
1001 4487 1073 4576 νῆες
1095 4484 1238 4571 ἔχουσιν·
