3032 5242
292 347 348 414 ηςλ
672 345 696 394 ε.
734 339 1022 396 nmmum

240 525 279 566 ωε
294 499 351 566 καί
372 499 412 566 τὸ
432 494 664 583 κατειβόμενον
684 497 809 574 Στοτὸς
829 491 931 584 ὕδωρ,
955 485 992 573 ἀς
1010 515 1048 559 τε
1068 492 1223 576 μένιστος

293 599 391 689 δρκος
413 597 602 678 δεινότατός
621 623 658 665 τε
680 595 775 666 πόλει
796 595 981 686 μακάρεσσι
1002 597 1144 674 θεοῖσιν,

292 703 340 793 μή
361 729 395 771 τι
418 702 474 770 σοί
496 697 584 788 αὐτῷ
605 703 702 790 πῆμα
723 699 826 767 κακδυ
846 695 1064 785 βουλευσέμεν
1087 690 1176 762 ἀλλο.

294 802 378 873 ἀλλὰ
399 805 442 871 τά
463 803 521 888 μὲν
542 801 625 872 νοέω
647 803 705 869 καὶ
727 801 922 892 φράσσομαι
945 794 1022 866 άσσ’
1046 792 1086 865 ἀν
1107 795 1184 881 ἐμοί
1205 819 1269 885 περ

291 904 374 996 αὐτῇ
394 903 573 995 μηδοίμην,
598 903 653 972 ὅτε
673 930 716 990 με
736 887 836 992 χρείά
857 901 955 972 τόσον
977 904 1060 970 ἵκοι·

239 1035 279 1076 ιεο
292 1008 351 1075 καὶ
371 1008 434 1097 τάρ
455 1005 533 1092 ἐμοὶ
552 1004 627 1087 νόος
647 1007 738 1076 ἐστίν
759 1004 941 1091 ἐναίσιμος,
965 1001 1045 1072 οάδέ
1063 1027 1125 1088 μοι
1147 999 1230 1091 αάτῇ

291 1109 404 1194 θυμὸς
425 1107 474 1176 ἐνί
496 1106 661 1198 στήθεσσι
682 1109 847 1199 σιδήρεος,
870 1105 942 1176 ἀλλ’
964 1103 1137 1197 ἐλεήμων.”

336 1203 381 1291 ὦς
402 1207 468 1299 ἀρα
490 1209 663 1302 φωνήσασ’
684 1209 831 1302 ήιήσατο
853 1214 911 1279 δῖα
931 1209 1045 1278 θεάων

292 1310 525 1402 καρπαλίμως·
549 1305 569 1381 δ
592 1310 624 1381 δ’
647 1309 767 1382 έπειτα
787 1308 861 1398 μετ’
883 1307 974 1395 ’ίχνια
996 1315 1090 1396 βαῖνε
1110 1314 1218 1378 θεοῖο.

292 1407 365 1496 ἷξον
386 1413 424 1484 δέ
446 1419 564 1495 σπεῖος
583 1416 750 1506 τλαφυρὸν
770 1414 855 1494 θεδς
874 1409 935 1503 η’δέ
955 1412 1014 1480 καὶ
1035 1408 1128 1502 ἀνήρ,

242 1542 281 1583 ιεε
295 1515 354 1584 καί
375 1512 407 1604 ῤ’
430 1509 450 1585 δ
470 1516 531 1603 μὲν
552 1514 638 1585 ἔνθα
659 1512 812 1597 καθέζετ’
836 1513 896 1583 ἐπὶ
917 1512 1041 1601 θρόνου
1065 1509 1162 1580 ένθεν
1184 1509 1301 1601 ἀνέστη

290 1613 455 1705 Ἑρμείας,
478 1617 587 1707 νύμφη
611 1617 648 1686 δέ
669 1615 751 1706 τίθη
775 1615 869 1706 πάρα
890 1615 1003 1682 πᾶσαν
1023 1613 1157 1703 ἐδωδήν,

294 1714 410 1786 έσθειυ
430 1719 488 1785 καί
511 1716 633 1800 πίνειν,
657 1710 714 1785 οἷα
735 1717 851 1807 βροτοὶ
872 1713 988 1804 ἀνδρες
1009 1712 1154 1785 ἔδουσιν·

294 1817 375 1910 αἰτή
399 1817 431 1887 δ’
456 1817 567 1889 ἀντίον
587 1813 656 1902 ἷζεν
675 1815 854 1910 Ὀδυσσῆος
875 1816 1004 1900 θείοιο,

293 1924 335 2012 τῇ
357 1921 395 1990 δέ
417 1917 499 2012 παρ’
521 1919 705 2011 ἀμβροσίην
726 1920 837 2006 δμωαὶ
859 1920 917 1988 καὶ
938 1919 1051 2010 νέκταρ
1074 1916 1208 2010 ἔθηκαν.

241 2051 281 2090 κω
297 2019 333 2092 οἳ
352 2020 385 2092 δ’
407 2020 465 2092 ἐπ’
488 2019 619 2092 ὀνείαθ’
642 2022 761 2109 ἑτοῖμα
780 2020 980 2111 προκείμενα
1001 2025 1111 2112 χεῖρας
1131 2019 1254 2089 ἰάλλον.

295 2122 400 2214 αάτάρ
422 2125 498 2193 ἐπεὶ
519 2124 696 2214 τάρπησαν
716 2123 853 2214 ἐδητύος
874 2118 935 2214 ήδέ
956 2124 1113 2212 ποτῆτος,

291 2230 362 2306 τοῖς
385 2223 450 2313 ἀρα
471 2224 591 2311 μύθων
611 2221 690 2316 ήρχε
711 2226 863 2315 Καλυψώ
887 2227 943 2294 δῖα
965 2225 1087 2293 θεάων.

286 2323 454 2406 ’(διοτενές
474 2328 685 2418 Λαερτιάδη,
708 2323 912 2417 πολυμήχαν’
930 2322 1098 2405 Ὀδυσσεῦ,

294 2426 379 2496 οὕτω
402 2429 442 2518 δή
465 2428 616 2498 τοικύνδε
637 2427 738 2520 φίλην
759 2428 793 2508 ές
814 2426 963 2517 πατρίδα
983 2431 1081 2494 ταῖαν
1153 2495 1157 2500 ,

239 2556 279 2596 τω
293 2527 412 2598 αὐτίκα
433 2533 487 2597 νύν
508 2530 642 2611 ἐθέλεις
664 2529 749 2599 ἰέναι
756 2511 828 2616 ,(σύ
851 2529 889 2597 δέ
910 2533 1002 2620 χαῖρε
1023 2527 1081 2595 καί
1104 2509 1238 2625 ἕμπηςή

293 2630 323 2700 εἰ
343 2633 408 2722 μήν
427 2630 572 2722 τειδείης
594 2635 691 2722 σῇσιν
712 2631 830 2723 φρεσὶν
852 2630 936 2700 ὅσσα
956 2656 1010 2699 τοι
1034 2623 1115 2698 αἶσα

291 2731 384 2823 κήδε’
407 2730 599 2822 ἀναπλῆσαι
622 2736 703 2821 πρὶν
724 2732 874 2823 πατρίδα
893 2737 992 2800 ταῖαν
1014 2729 1166 2814 ἱκέσθαι,
1257 2764 1259 2768 ·

292 2833 415 2902 ἐνθάδε
437 2831 467 2901 κ’
492 2830 577 2902 αὖθι
598 2835 704 2920 μένων
726 2835 781 2916 ξύν
801 2833 878 2919 ἐμοὶ
898 2834 978 2902 τάδε
1000 2834 1098 2918 δῶμα
1119 2832 1303 2923 φυλάσσοις

292 2931 464 3013 ἀθάνατός
482 2931 513 3002 τ’
536 2932 622 3023 εἰης,
645 2932 851 3020 ἱμειρόμενός
871 2959 935 3024 περ
958 2932 1096 3004 ἰδέσθαι

238 3064 278 3104 ιω
293 3037 353 3124 σήν
375 3031 507 3120 ἀλοχον,
529 3039 588 3126 τῆς
609 3033 679 3104 αἰὲν
700 3035 850 3104 ἐτέλδεαι
871 3031 982 3126 ήματα
1004 3036 1122 3103 πάντα.

294 3133 331 3206 οὐ
352 3136 417 3225 μήν
438 3144 506 3228 θην
527 3137 635 3229 κείνης
654 3164 693 3206 τε
712 3136 847 3225 χερείων
868 3135 1008 3225 εύχομαι
1030 3131 1132 3221 εἶναι,

291 3235 329 3307 οά
352 3238 453 3325 δέμας
475 3237 553 3310 σάδέ
575 3241 672 3331 φυήν,
695 3241 772 3309 ἐπεὶ
795 3237 833 3310 οἰί
854 3265 929 3320 πως
951 3239 1028 3309 οάδέ
1047 3241 1198 3310 τέτοικεν

291 3342 420 3431 θνητάς
442 3337 634 3433 ἀθανάτῃσι
656 3343 758 3429 δέμας
778 3343 837 3411 καί
857 3344 969 3423 τεῖδος
990 3339 1136 3431 ἐρίζειν.”

334 3443 393 3532 τήν
415 3441 447 3510 δ’
470 3440 739 3532 ἀπαμειβόμενος
760 3445 916 3536 προσέφη
938 3445 1122 3534 πολύμητις
1139 3440 1314 3526 Ὀδυσσεύς

238 3539 420 3613 εω“πότυα
441 3544 521 3625 θεά,
543 3547 590 3635 μή
610 3572 670 3632 μοι
691 3548 771 3615 τόδε
790 3546 886 3631 χαίεο.
929 3549 1029 3616 τοῖδα
1050 3546 1107 3615 καί
1129 3543 1229 3629 αὐτός

291 3644 402 3713 πάντα
422 3644 514 3731 μάλ’,
538 3647 653 3715 οὕνεκα
675 3655 745 3718 σεῖο
766 3648 938 3741 περίφρων
958 3649 1172 3740 Πηνελόπεια

288 3748 400 3828 τεῖδος
420 3745 613 3841 ἀκιδνοτέρη
635 3751 781 3836 μέτεθός
801 3749 831 3819 τ’
855 3750 989 3820 εἰσάντα
1010 3752 1189 3822 τιδέσθαι·

288 3843 311 3939 ἢ
331 3851 390 3936 μὲν
410 3850 473 3941 τάρ
495 3852 615 3939 βροτός
636 3853 723 3936 ἐστι,
747 3855 787 3921 σύ
809 3850 841 3921 δ>
865 3849 1035 3934 ἀθάνατος
1056 3853 1115 3920 καί
1136 3851 1275 3946 ἀγήρως.

290 3946 374 4018 ἀλλά
395 3952 454 4019 καὶ
476 3945 522 4034 ὧς
542 3953 651 4023 ἐθέλω
673 3955 731 4024 καὶ
752 3955 932 4040 ἒτέλδομαι
953 3951 1064 4045 ήματα
1085 3955 1197 4023 πάντα

237 4075 276 4117 εεο
289 4050 429 4121 τοίκαδέ
448 4052 480 4121 τ’
502 4056 679 4142 ἐλθέμεναι
700 4057 758 4123 καί
779 4055 936 4142 νόστιμον
957 4051 1045 4148 ήμαρ
1068 4055 1218 4127 ἰδέσθαι.

291 4151 321 4221 εἰ
344 4150 376 4220 δ’
400 4147 442 4220 αδ
462 4181 515 4236 τις
536 4157 652 4248 ῥαίησι
672 4165 766 4226 θεῶν
786 4157 835 4226 ἐνί
856 4157 994 4229 ,τοίνοττι
1017 4159 1144 4251 πόντῳ,

287 4254 452 4343 τλήσομαι
475 4257 509 4325 ἐν
529 4260 710 4348 στήθεσσιν
732 4259 814 4345 έχων
834 4262 1048 4330 ταλαπενθέα
1069 4263 1195 4349 θυμόν·

287 4352 351 4446 ἤδη
373 4357 438 4445 τδρ
458 4358 550 4443 μάλα
571 4363 681 4429 πολλὰ
703 4362 821 4432 πάθον
842 4364 900 4431 καὶ
921 4365 1032 4432 πολλά
1052 4365 1185 4456 μότησα

288 4457 413 4544 κύμασι
435 4459 493 4527 καί
513 4462 664 4554 πολέμῳ·
687 4465 771 4550 μετά
792 4467 851 4534 καὶ
871 4464 951 4534 τόδε
971 4471 1061 4536 τοῖσι
1082 4463 1259 4538 τενόσθω.”
