3032 5242
487 336 511 383 7.
548 330 802 385 omnm
820 334 846 386 Η

106 488 234 578 πομπή
256 482 314 577 ἀφ’
337 482 475 576 ἡμετέρῃ
496 485 556 575 τήν
578 485 726 576 πατρίδα
746 491 846 554 ναῖαν
866 489 980 577 ῖκηται

105 589 232 681 χαίρων
252 584 485 675 καρπαλίμως,
510 585 540 656 εῖ
560 589 620 656 καῖ
641 588 731 673 μάλα
751 589 894 680 τηλόθεν
914 588 1018 673 ἐστίν,

52 723 94 765 ιεε
108 691 197 783 μηδέ
216 717 251 758 τι
273 689 441 780 μησσητύς
461 715 499 758 τε
520 691 624 758 κακδν
644 691 702 758 καὶ
725 693 823 781 πήμα
844 691 1012 784 πάθησιν,

106 792 188 884 πρίν
208 819 247 860 τε
268 795 325 860 τδν
346 783 387 881 ής
406 789 505 881 ταίης
526 791 742 881 ἐπιβήμεναι·
766 790 852 860 ἔνθα
875 790 906 861 δ’
931 792 1051 863 ἔπειτα

107 894 265 964 πείσεται
287 891 375 961 άσσα
395 917 451 960 τοι
473 885 554 968 αἶσα
575 894 661 962 κατά
681 893 812 975 κλῶθές
832 919 869 962 τε
886 902 1019 983 βαρεῖαι

108 996 292 1086 νιννομένῳ
315 994 455 1086 νήσαντο
476 990 571 1083 λίνῳ,
595 991 650 1062 ότε
670 1019 728 1080 μιν
748 993 823 1062 τέκε
844 995 960 1086 μήτηρ.

107 1099 137 1169 εἰ
162 1100 200 1167 δέ
221 1123 273 1179 τις
295 1094 475 1167 ἀθανάτων
494 1119 533 1162 τε
554 1092 629 1162 κατ’
652 1091 790 1185 ούρανοῦ
811 1094 1017 1187 εἰλήλουθα,

51 1236 93 1275 κω
107 1199 190 1270 ἀλλο
211 1226 246 1268 τι
269 1201 307 1290 δή
330 1195 405 1266 τόδ’
428 1195 549 1264 ἔπειτα
570 1197 650 1264 θεολ
672 1197 988 1288 περιμηχανόωνται.

107 1303 177 1374 αλεῖ
198 1305 261 1393 τδρ
281 1303 322 1370 τδ
344 1299 454 1387 πάρος
473 1323 512 1366 τε
532 1300 613 1368 θεολ
635 1296 810 1390 φαίνονται
833 1298 978 1388 ἀνάρνεῖς

106 1404 199 1496 ἡμῖν,
224 1399 291 1472 εὖτ’
314 1400 458 1490 ἔρδωμεν
481 1397 679 1482 ἀτακλειτάς
701 1397 905 1488 ἑκατόμβας,

108 1506 279 1577 δαίνυνταί
299 1531 336 1574 τε
357 1501 439 1594 παρ’
463 1501 550 1590 ἀμμι
571 1503 758 1594 καθήμενοι
780 1501 866 1573 ἔνθα
886 1529 950 1594 περ
970 1504 1075 1596 ἡμεῖς.

108 1610 139 1679 ελ
162 1608 192 1677 δ’
217 1606 281 1700 δίρα
301 1633 355 1689 τις
376 1607 435 1676 καὶ
456 1607 577 1693 μοῦνος
599 1604 657 1674 ίιδν
678 1607 863 1697 ξυμβλήται
884 1606 1013 1699 ὁδίτης,

52 1745 92 1785 νου
108 1709 148 1781 ού
168 1737 204 1780 τι
225 1709 528 1798 κατακρύπτουσιν,
551 1706 629 1777 ἐπεί
650 1729 769 1799 σφισιν
790 1709 930 1778 ένιύθεν
952 1707 1043 1795 εἰμέν

108 1813 154 1896 δίς
175 1839 245 1903 περΙ
262 1811 447 1892 Κύκλωπές
466 1837 502 1880 τε
524 1811 583 1880 καὶ
605 1805 707 1898 άτρια
728 1812 817 1902 φῦλα
839 1819 870 1878 Γ
868 1810 1031 1880 ιτάντων.”

148 1917 207 1984 τδν
229 1913 261 1983 δ’
284 1911 553 2000 ἀπαμειβόμενος
575 1912 725 2004 προσέφη
749 1913 937 2006 πολύμητις
954 1911 1129 1997 Ὀδυσσεύς

101 2014 272 2100 ιἈλκίνο’,
296 2013 380 2084 ἀλλο
400 2015 436 2084 τί
458 2040 514 2084 τοι
536 2015 662 2100 μελέτω
684 2014 816 2105 φρεσίν·
839 2013 879 2084 οδ
899 2019 964 2105 τδρ
987 2017 1052 2086 έτοί
1072 2020 1111 2086 ’τε

107 2117 316 2189 ἀθανάτοισι
336 2118 487 2199 εένοικα,
511 2118 564 2186 τοί
587 2114 724 2204 ούρανδν
746 2115 839 2208 εδρύν
860 2116 1006 2204 ἐήςουσιν,

56 2256 93 2296 τω
106 2221 146 2292 ού
169 2222 273 2308 δέμας
294 2218 372 2290 ούδέ
393 2220 493 2311 φυήν,
519 2217 603 2287 ἀλλά
624 2224 781 2310 θνητοῖσι
802 2226 979 2311 βροτοῖσιν.

107 2322 166 2405 οὕς
185 2349 280 2405 τινας
301 2320 393 2410 ὑμεῖς
413 2321 508 2391 νίστε
528 2319 664 2406 μάλιστ’
687 2318 844 2405 ὀχέοντας
865 2320 956 2405 ὀιζύν

106 2424 313 2517 ἀνθρώπων,
335 2423 441 2494 τοῖσίν
462 2450 518 2492 κεν
539 2424 574 2492 έν
596 2420 711 2493 δίλνεσι
732 2424 950 2516 τισωσαίμην.

103 2529 163 2598 καὶ
187 2524 219 2595 δ’
242 2524 293 2596 ἔτι
314 2553 369 2596 κεν
390 2526 448 2595 καὶ
470 2523 597 2594 πλείον’
619 2526 684 2594 ἕνα)
705 2527 792 2594 κακά
813 2527 1043 2619 μυθησαίμην,

107 2631 194 2701 ὅσσα
215 2656 255 2698 τε
277 2631 317 2719 δή
340 2629 514 2716 ξύμπαντα
534 2630 625 2696 θεῶν
646 2625 754 2719 ἰότητι
775 2627 916 2719 μόνησα.

58 2765 93 2806 υε
106 2732 176 2802 ἀλλ’
200 2733 260 2818 ἐμὲ
280 2732 340 2819 μέν
362 2733 531 2820 δορπῆσαι
552 2729 673 2798 δείσατε
694 2729 875 2821 κηδόμενόν
896 2754 975 2821 περ·

106 2836 144 2905 ού
165 2836 231 2925 κάρ
252 2859 287 2903 τι
311 2836 446 2924 στυτερῇ
469 2832 529 2902 ἐπὶ
549 2832 688 2922 ναστέρι
709 2831 859 2923 κύντερον
881 2829 961 2903 ἀλλο

104 2936 242 3019 ἔπλετο,
265 2935 287 3027 ή
308 2934 338 3004 τ’
362 2935 511 3004 ἐκέλευσε
531 2934 588 3004 τέο
609 2933 805 3024 μνήσασθαι
827 2932 952 3028 ἀνάντη

105 3040 164 3109 καὶ
185 3038 279 3125 μάλα
299 3037 488 3125 τειρόμενον
509 3037 566 3106 καί
589 3036 638 3106 ένλ
660 3037 760 3127 φρεσὶ
782 3037 911 3120 πένθος
933 3037 1062 3125 έχοντα,

106 3140 151 3224 ιῖς
171 3142 232 3209 καὶ
253 3141 318 3210 έπδ
341 3141 471 3220 πένθος
492 3139 552 3225 μέν
573 3136 638 3224 ἔχω
660 3137 788 3230 φρεσίν,
811 3135 835 3230 η’
858 3140 895 3208 δέ
916 3139 996 3225 μάλ’
1018 3143 1087 3214 αἰεί

59 3277 95 3317 ενυ
107 3244 289 3331 ἐσθέμεναι
311 3243 443 3313 κέλεται
465 3242 524 3310 καὶ
546 3241 694 3327 πινέμεν,
717 3239 754 3309 ἐκ
778 3240 816 3310 δέ
836 3267 878 3328 με
900 3243 1034 3312 πάντων

106 3347 248 3440 ληθάνει
270 3343 343 3414 δσσ’
366 3343 514 3426 έπαθον,
537 3344 596 3412 καὶ
618 3341 870 3432 ένιπλήοασθαι
893 3341 1021 3414 ἀνιόντι.

106 3449 198 3536 ύμεῖς
221 3444 253 3516 δ’
276 3445 452 3538 δτρύνεσθε
474 3443 534 3532 ἅμ’
556 3443 611 3536 ήοῖ
631 3446 876 3537 φαινομένηφιν

108 3551 152 3632 ὥς
172 3547 205 3618 κ’
230 3548 289 3636 ἐμὲ
310 3550 368 3617 τδν
390 3550 546 3640 δύστηνον
567 3549 651 3639 ἐμῆς
673 3547 853 3638 ἐπιβήσετε
874 3549 1016 3641 πάτρης,

108 3652 165 3722 καί
186 3678 251 3740 περ
272 3654 380 3722 πολλά
402 3652 569 3722 παθόντα.
612 3648 751 3722 νιδόντα
772 3678 814 3738 με
835 3653 894 3720 καὶ
915 3651 1014 3723 λίποι
1036 3653 1120 3724 αίυίν

62 3759 224 3847 τευκτήσιν
245 3754 325 3845 ἀμήν
331 3806 341 3838 ,
365 3755 479 3842 δμῶάς
500 3780 536 3822 τε
557 3755 616 3822 καὶ
637 3753 801 3846 ὑψερεφὲς
821 3758 908 3841 μένα
931 3754 1054 3842 δῶμα.”

150 3848 196 3940 ὦς
219 3855 338 3949 ἔφαθ’,
361 3855 397 3926 οἳ
416 3855 448 3924 δ’
472 3853 538 3947 ἀρα
559 3857 682 3938 πάντες
703 3856 842 3947 ἐπήνεον
862 3854 923 3948 ήδδ
945 3856 1075 3927 κέλευον

110 3959 321 4047 πεμπόμεναι
343 3961 400 4029 τὸν
421 3961 537 4042 ξεῖνον,
561 3959 638 4028 ἐπεὶ
660 3961 745 4028 κατά
767 3964 885 4050 μοῖραν
907 3957 1049 4028 ένειπεν.

112 4059 214 4152 αὐτὰρ
237 4061 311 4130 ἐπεὶ
334 4062 477 4130 σπεῖσάν
497 4087 534 4130 τε
555 4059 635 4130 πίον
656 4058 698 4130 θ’
721 4059 799 4132 ὅσον
818 4059 921 4152 ήθελε
942 4060 1063 4146 θυμός,

111 4159 148 4230 οἳ
164 4164 224 4250 μέν
244 4161 450 4244 κακκείοντες
472 4161 553 4252 έβαν
572 4162 726 4231 τοικόνδε
742 4163 916 4244 εέκαστος,

65 4291 100 4331 ιω
113 4262 214 4354 αὐτάρ
237 4258 257 4333 δ
277 4265 312 4334 έν
331 4265 464 4356 μεν-ἀρφ
486 4263 686 4334 ὑπελείπετο
708 4267 780 4344 δῖος
798 4263 986 4348 Ὀδυσσεύς,

112 4368 181 4455 πάρ
226 4366 264 4436 δέ
284 4394 341 4436 τοι
365 4365 488 4459 Ἀρήτη
510 4368 626 4436 τεκαὶ
648 4364 819 4449 Ἀλκίνοος
839 4370 1017 4460 θεοτειδής

113 4465 237 4562 ήσθην·
260 4467 451 4561 ἀμφίπολοι
474 4469 507 4538 δ’
530 4468 738 4557 ἀπεκόσμεον
759 4468 852 4540 ἔντεα
875 4472 1001 4553 δαιτός.
