<?xml version="1.0" encoding="UTF-8"?>
<!DOCTYPE html PUBLIC "-//W3C//DTD XHTML 1.0 Transitional//EN"
    "http://www.w3.org/TR/xhtml1/DTD/xhtml1-transitional.dtd">
<html xmlns="http://www.w3.org/1999/xhtml" xml:lang="en" lang="en">
 <head>
  <title>
</title>
<meta http-equiv="Content-Type" content="text/html;charset=utf-8" />
  <meta name='ocr-system' content='tesseract 3.04.00' />
  <meta name='ocr-capabilities' content='ocr_page ocr_carea ocr_par ocr_line ocrx_word'/>
</head>
<body>
  <div class='ocr_page' id='page_1' title='image "./carminahomerica03homegoog_0257.png"; bbox 0 0 3044 5232; ppageno 0'>
   <div class='ocr_carea' id='block_1_1' title="bbox 264 325 1002 396">
    <p class='ocr_par' dir='ltr' id='par_1_1' title="bbox 264 325 1002 396">
     <span class='ocr_line' id='line_1_1' title="bbox 264 325 1002 396; baseline -0.003 -18"><span class='ocrx_word' id='word_1_1' title='bbox 264 329 333 396; x_wconf 80' lang='lat'><strong><em>244</em></strong></span> <span class='ocrx_word' id='word_1_2' title='bbox 635 332 675 378; x_wconf 82' lang='grc' dir='ltr'><strong><em>ιο.</em></strong></span> <span class='ocrx_word' id='word_1_3' title='bbox 713 325 1002 380; x_wconf 60' lang='lat' dir='ltr'><em>ommam</em></span> 
     </span>
    </p>
   </div>
   <div class='ocr_carea' id='block_1_2' title="bbox 205 477 1303 4022">
    <p class='ocr_par' dir='ltr' id='par_1_2' title="bbox 205 477 1303 4022">
     <span class='ocr_line' id='line_1_2' title="bbox 264 477 1090 570; baseline -0.007 -20"><span class='ocrx_word' id='word_1_4' title='bbox 264 481 376 568; x_wconf 86' lang='grc' dir='ltr'><strong><em>μεῖζόν</em></strong></span> <span class='ocrx_word' id='word_1_5' title='bbox 397 505 434 548; x_wconf 90' lang='grc' dir='ltr'><strong><em>κε</em></strong></span> <span class='ocrx_word' id='word_1_6' title='bbox 455 479 548 560; x_wconf 88' lang='grc' dir='ltr'><strong><em>κλέος</em></strong></span> <span class='ocrx_word' id='word_1_7' title='bbox 570 478 621 570; x_wconf 76' lang='grc' dir='ltr'><strong><em>εἴη</em></strong></span> <span class='ocrx_word' id='word_1_8' title='bbox 644 481 723 565; x_wconf 87' lang='grc' dir='ltr'><strong><em>ἐμόν</em></strong></span> <span class='ocrx_word' id='word_1_9' title='bbox 743 481 801 548; x_wconf 86' lang='grc' dir='ltr'><strong><em>καὶ</em></strong></span> <span class='ocrx_word' id='word_1_10' title='bbox 822 478 956 546; x_wconf 87' lang='grc' dir='ltr'><strong><em>κάλλιον</em></strong></span> <span class='ocrx_word' id='word_1_11' title='bbox 979 477 1090 556; x_wconf 77' lang='grc' dir='ltr'><strong><em>οὕτως.</em></strong></span> 
     </span>
     <span class='ocr_line' id='line_1_3' title="bbox 264 577 1269 669; baseline -0.004 -19"><span class='ocrx_word' id='word_1_12' title='bbox 264 585 319 650; x_wconf 76' lang='grc' dir='ltr'><strong><em>νῦν</em></strong></span> <span class='ocrx_word' id='word_1_13' title='bbox 340 579 373 652; x_wconf 88' lang='grc' dir='ltr'><strong><em>δ’</em></strong></span> <span class='ocrx_word' id='word_1_14' title='bbox 395 579 532 667; x_wconf 82' lang='grc' dir='ltr'><strong><em>ἀχομαι·</em></strong></span> <span class='ocrx_word' id='word_1_15' title='bbox 555 581 639 650; x_wconf 98' lang='grc' dir='ltr'><strong><em>τόσα</em></strong></span> <span class='ocrx_word' id='word_1_16' title='bbox 659 581 724 669; x_wconf 79' lang='grc' dir='ltr'><strong><em>τάρ</em></strong></span> <span class='ocrx_word' id='word_1_17' title='bbox 745 605 804 667; x_wconf 93' lang='grc' dir='ltr'><strong><em>μοι</em></strong></span> <span class='ocrx_word' id='word_1_18' title='bbox 827 579 1004 648; x_wconf 75' lang='grc' dir='ltr'><strong><em>ἐπέσσευεν</em></strong></span> <span class='ocrx_word' id='word_1_19' title='bbox 1024 580 1110 648; x_wconf 81' lang='grc' dir='ltr'><strong><em>κακά</em></strong></span> <span class='ocrx_word' id='word_1_20' title='bbox 1133 577 1269 664; x_wconf 90' lang='grc' dir='ltr'><strong><em>δαίμων.</em></strong></span> 
     </span>
     <span class='ocr_line' id='line_1_4' title="bbox 213 677 1023 774; baseline -0.011 -18"><span class='ocrx_word' id='word_1_21' title='bbox 213 717 253 758; x_wconf 82' lang='grc' dir='ltr'><strong><em>ιιι</em></strong></span> <span class='ocrx_word' id='word_1_22' title='bbox 264 687 312 774; x_wconf 81' lang='grc' dir='ltr'><strong><em>τῷ</em></strong></span> <span class='ocrx_word' id='word_1_23' title='bbox 333 680 407 754; x_wconf 80' lang='grc' dir='ltr'><strong><em>ούτε</em></strong></span> <span class='ocrx_word' id='word_1_24' title='bbox 429 682 540 764; x_wconf 85' lang='grc' dir='ltr'><strong><em>ξείνων</em></strong></span> <span class='ocrx_word' id='word_1_25' title='bbox 562 682 756 768; x_wconf 81' lang='grc' dir='ltr'><strong><em>ἐμπάζομαι</em></strong></span> <span class='ocrx_word' id='word_1_26' title='bbox 780 678 859 750; x_wconf 69' lang='grc' dir='ltr'><strong><em>αὕθ’</em></strong></span> <span class='ocrx_word' id='word_1_27' title='bbox 883 677 1023 748; x_wconf 75' lang='grc' dir='ltr'><em>ἱκετάων</em></span> 
     </span>
     <span class='ocr_line' id='line_1_5' title="bbox 266 779 998 875; baseline -0.008 -20"><span class='ocrx_word' id='word_1_28' title='bbox 266 783 341 856; x_wconf 77' lang='grc' dir='ltr'><strong><em>ούτε</em></strong></span> <span class='ocrx_word' id='word_1_29' title='bbox 361 813 396 853; x_wconf 86' lang='grc' dir='ltr'><strong><em>τι</em></strong></span> <span class='ocrx_word' id='word_1_30' title='bbox 418 785 577 875; x_wconf 83' lang='grc' dir='ltr'><em>κηρύκων,</em></span> <span class='ocrx_word' id='word_1_31' title='bbox 602 781 638 852; x_wconf 79' lang='grc' dir='ltr'><strong><em>οἳ</em></strong></span> <span class='ocrx_word' id='word_1_32' title='bbox 657 784 871 873; x_wconf 70' lang='grc' dir='ltr'><strong><em>δημιοτερτοὶ</em></strong></span> <span class='ocrx_word' id='word_1_33' title='bbox 892 779 998 851; x_wconf 76' lang='grc' dir='ltr'><strong><em>ἔασιν·</em></strong></span> 
     </span>
     <span class='ocr_line' id='line_1_6' title="bbox 265 877 1150 978; baseline -0.005 -22"><span class='ocrx_word' id='word_1_34' title='bbox 265 885 337 956; x_wconf 90' lang='grc' dir='ltr'><strong><em>ἀλλ’</em></strong></span> <span class='ocrx_word' id='word_1_35' title='bbox 356 886 475 976; x_wconf 83' lang='grc' dir='ltr'><strong><em>Ὀδυσῆ</em></strong></span> <span class='ocrx_word' id='word_1_36' title='bbox 496 886 669 954; x_wconf 76' lang='grc' dir='ltr'><strong><em>ποθέουσα</em></strong></span> <span class='ocrx_word' id='word_1_37' title='bbox 691 884 790 978; x_wconf 83' lang='grc' dir='ltr'><strong><em>φίλον</em></strong></span> <span class='ocrx_word' id='word_1_38' title='bbox 811 884 1041 974; x_wconf 77' lang='grc' dir='ltr'><strong><em>κατατήκομαι</em></strong></span> <span class='ocrx_word' id='word_1_39' title='bbox 1062 877 1150 974; x_wconf 87' lang='grc' dir='ltr'><strong><em>ήτορ.</em></strong></span> 
     </span>
     <span class='ocr_line' id='line_1_7' title="bbox 265 986 1209 1074; baseline -0.004 -16"><span class='ocrx_word' id='word_1_40' title='bbox 265 986 302 1059; x_wconf 77' lang='grc' dir='ltr'><strong><em>δι’</em></strong></span> <span class='ocrx_word' id='word_1_41' title='bbox 321 989 358 1057; x_wconf 83' lang='grc' dir='ltr'><strong><em>δὲ</em></strong></span> <span class='ocrx_word' id='word_1_42' title='bbox 379 990 487 1074; x_wconf 73' lang='grc' dir='ltr'><strong><em>τάμον</em></strong></span> <span class='ocrx_word' id='word_1_43' title='bbox 507 987 722 1066; x_wconf 90' lang='grc' dir='ltr'><strong><em>σπεύδουσιν,</em></strong></span> <span class='ocrx_word' id='word_1_44' title='bbox 746 987 810 1055; x_wconf 62' lang='grc' dir='ltr'><strong><em>ἐπιδ</em></strong></span> <span class='ocrx_word' id='word_1_45' title='bbox 834 987 871 1054; x_wconf 79' lang='grc' dir='ltr'><strong><em>δέ</em></strong></span> <span class='ocrx_word' id='word_1_46' title='bbox 894 986 1009 1065; x_wconf 81' lang='grc' dir='ltr'><strong><em>δόλους</em></strong></span> <span class='ocrx_word' id='word_1_47' title='bbox 1029 987 1209 1056; x_wconf 91' lang='grc' dir='ltr'><strong><em>τολυπεύω.</em></strong></span> 
     </span>
     <span class='ocr_line' id='line_1_8' title="bbox 265 1085 1184 1182; baseline -0.005 -24"><span class='ocrx_word' id='word_1_48' title='bbox 265 1095 372 1182; x_wconf 83' lang='grc' dir='ltr'><strong><em>φάρος</em></strong></span> <span class='ocrx_word' id='word_1_49' title='bbox 392 1090 452 1175; x_wconf 86' lang='grc' dir='ltr'><strong><em>μέν</em></strong></span> <span class='ocrx_word' id='word_1_50' title='bbox 472 1115 533 1175; x_wconf 92' lang='grc' dir='ltr'><strong><em>μοι</em></strong></span> <span class='ocrx_word' id='word_1_51' title='bbox 556 1091 686 1178; x_wconf 81' lang='grc' dir='ltr'><strong><em>πρῶτον</em></strong></span> <span class='ocrx_word' id='word_1_52' title='bbox 708 1089 899 1156; x_wconf 80' lang='grc' dir='ltr'><strong><em>ἐνέπνευσεν</em></strong></span> <span class='ocrx_word' id='word_1_53' title='bbox 920 1089 1020 1177; x_wconf 86' lang='grc' dir='ltr'><strong><em>φρεσὶ</em></strong></span> <span class='ocrx_word' id='word_1_54' title='bbox 1043 1085 1184 1173; x_wconf 90' lang='grc' dir='ltr'><strong><em>δαίμων,</em></strong></span> 
     </span>
     <span class='ocr_line' id='line_1_9' title="bbox 265 1186 1157 1281; baseline -0.003 -22"><span class='ocrx_word' id='word_1_55' title='bbox 265 1191 447 1281; x_wconf 76' lang='grc' dir='ltr'><strong><em>στησαμένῃ</em></strong></span> <span class='ocrx_word' id='word_1_56' title='bbox 470 1191 572 1276; x_wconf 70' lang='grc' dir='ltr'><strong><em>μέσαν</em></strong></span> <span class='ocrx_word' id='word_1_57' title='bbox 595 1186 685 1258; x_wconf 75' lang='grc' dir='ltr'><strong><em>ἱστόν</em></strong></span> <span class='ocrx_word' id='word_1_58' title='bbox 707 1190 756 1258; x_wconf 84' lang='grc' dir='ltr'><strong><em>ἐνὶ</em></strong></span> <span class='ocrx_word' id='word_1_59' title='bbox 777 1189 982 1277; x_wconf 76' lang='grc' dir='ltr'><strong><em>μετάροισιν,</em></strong></span> <span class='ocrx_word' id='word_1_60' title='bbox 1003 1187 1157 1277; x_wconf 75' lang='grc' dir='ltr'><strong><em>ὑφαίνειν</em></strong></span> 
     </span>
     <span class='ocr_line' id='line_1_10' title="bbox 211 1287 1220 1382; baseline -0.005 -17"><span class='ocrx_word' id='word_1_61' title='bbox 211 1325 251 1365; x_wconf 81' lang='lat' dir='ltr'><strong><em>uo</em></strong></span> <span class='ocrx_word' id='word_1_62' title='bbox 263 1295 386 1362; x_wconf 89' lang='grc' dir='ltr'><strong><em>λεπτόν</em></strong></span> <span class='ocrx_word' id='word_1_63' title='bbox 407 1294 463 1360; x_wconf 86' lang='grc' dir='ltr'><strong><em>καί</em></strong></span> <span class='ocrx_word' id='word_1_64' title='bbox 487 1290 698 1380; x_wconf 82' lang='grc' dir='ltr'><strong><em>περίμετρον·</em></strong></span> <span class='ocrx_word' id='word_1_65' title='bbox 721 1289 812 1382; x_wconf 86' lang='grc' dir='ltr'><strong><em>άφαρ</em></strong></span> <span class='ocrx_word' id='word_1_66' title='bbox 836 1287 867 1359; x_wconf 88' lang='grc' dir='ltr'><strong><em>δ’</em></strong></span> <span class='ocrx_word' id='word_1_67' title='bbox 891 1287 1003 1370; x_wconf 78' lang='grc' dir='ltr'><strong><em>αὐτοῖς</em></strong></span> <span class='ocrx_word' id='word_1_68' title='bbox 1024 1291 1220 1374; x_wconf 66' lang='grc' dir='ltr'><strong><em>μετέεειπον</em></strong></span> 
     </span>
     <span class='ocr_line' id='line_1_11' title="bbox 259 1388 1193 1482; baseline -0.001 -21"><span class='ocrx_word' id='word_1_69' title='bbox 259 1393 390 1481; x_wconf 68' lang='grc' dir='ltr'><strong><em>“κοῦροι</em></strong></span> <span class='ocrx_word' id='word_1_70' title='bbox 413 1393 490 1478; x_wconf 83' lang='grc' dir='ltr'><strong><em>ἐμοὶ</em></strong></span> <span class='ocrx_word' id='word_1_71' title='bbox 511 1396 691 1482; x_wconf 88' lang='grc' dir='ltr'><strong><em>μνηστῆρες</em></strong></span> <span class='ocrx_word' id='word_1_72' title='bbox 712 1392 789 1460; x_wconf 81' lang='grc' dir='ltr'><strong><em>ἐπεὶ</em></strong></span> <span class='ocrx_word' id='word_1_73' title='bbox 811 1392 897 1458; x_wconf 89' lang='grc' dir='ltr'><strong><em>θάνε</em></strong></span> <span class='ocrx_word' id='word_1_74' title='bbox 919 1393 991 1471; x_wconf 89' lang='grc' dir='ltr'><strong><em>δῖος</em></strong></span> <span class='ocrx_word' id='word_1_75' title='bbox 1010 1388 1193 1475; x_wconf 88' lang='grc' dir='ltr'><strong><em>Ὀδυσσεύς,</em></strong></span> 
     </span>
     <span class='ocr_line' id='line_1_12' title="bbox 262 1490 1229 1585; baseline 0.003 -25"><span class='ocrx_word' id='word_1_76' title='bbox 262 1491 390 1580; x_wconf 80' lang='grc' dir='ltr'><strong><em>μίμνετ’</em></strong></span> <span class='ocrx_word' id='word_1_77' title='bbox 415 1493 627 1578; x_wconf 76' lang='grc' dir='ltr'><strong><em>ἐπειτόμενοι</em></strong></span> <span class='ocrx_word' id='word_1_78' title='bbox 647 1495 704 1560; x_wconf 87' lang='grc' dir='ltr'><strong><em>τὸν</em></strong></span> <span class='ocrx_word' id='word_1_79' title='bbox 725 1494 804 1578; x_wconf 87' lang='grc' dir='ltr'><strong><em>ἐμὸν</em></strong></span> <span class='ocrx_word' id='word_1_80' title='bbox 824 1493 931 1577; x_wconf 74' lang='grc' dir='ltr'><strong><em>τάμον</em></strong></span> <span class='ocrx_word' id='word_1_81' title='bbox 954 1490 1001 1571; x_wconf 85' lang='grc' dir='ltr'><strong><em>εἰς</em></strong></span> <span class='ocrx_word' id='word_1_82' title='bbox 1023 1492 1042 1560; x_wconf 86' lang='grc' dir='ltr'><strong><em>ό</em></strong></span> <span class='ocrx_word' id='word_1_83' title='bbox 1064 1519 1101 1562; x_wconf 90' lang='grc' dir='ltr'><strong><em>κε</em></strong></span> <span class='ocrx_word' id='word_1_84' title='bbox 1123 1498 1229 1585; x_wconf 86' lang='grc' dir='ltr'><strong><em>φᾶρος</em></strong></span> 
     </span>
     <span class='ocr_line' id='line_1_13' title="bbox 264 1591 1087 1685; baseline -0.001 -22"><span class='ocrx_word' id='word_1_85' title='bbox 264 1595 434 1678; x_wconf 78' lang='grc' dir='ltr'><strong><em>ἐκτελέσω,</em></strong></span> <span class='ocrx_word' id='word_1_86' title='bbox 456 1595 503 1685; x_wconf 90' lang='grc' dir='ltr'><strong><em>μή</em></strong></span> <span class='ocrx_word' id='word_1_87' title='bbox 524 1621 584 1681; x_wconf 90' lang='grc' dir='ltr'><strong><em>μοι</em></strong></span> <span class='ocrx_word' id='word_1_88' title='bbox 605 1594 797 1680; x_wconf 78' lang='grc' dir='ltr'><strong><em>μεταμώνια</em></strong></span> <span class='ocrx_word' id='word_1_89' title='bbox 819 1593 935 1683; x_wconf 88' lang='grc' dir='ltr'><strong><em>νήματ’</em></strong></span> <span class='ocrx_word' id='word_1_90' title='bbox 957 1591 1087 1684; x_wconf 85' lang='grc' dir='ltr'><strong><em>όληται,</em></strong></span> 
     </span>
     <span class='ocr_line' id='line_1_14' title="bbox 264 1694 978 1788; baseline -0.003 -24"><span class='ocrx_word' id='word_1_91' title='bbox 264 1699 403 1788; x_wconf 79' lang='grc' dir='ltr'><strong><em>Λαέρτῃ</em></strong></span> <span class='ocrx_word' id='word_1_92' title='bbox 425 1695 511 1786; x_wconf 83' lang='grc' dir='ltr'><strong><em>ἥρωι</em></strong></span> <span class='ocrx_word' id='word_1_93' title='bbox 531 1696 676 1786; x_wconf 83' lang='grc' dir='ltr'><strong><em>ταφήιον</em></strong></span> <span class='ocrx_word' id='word_1_94' title='bbox 699 1694 746 1775; x_wconf 83' lang='grc' dir='ltr'><strong><em>εἰς</em></strong></span> <span class='ocrx_word' id='word_1_95' title='bbox 769 1694 823 1764; x_wconf 85' lang='grc' dir='ltr'><strong><em>ὅτε</em></strong></span> <span class='ocrx_word' id='word_1_96' title='bbox 845 1697 900 1764; x_wconf 90' lang='grc' dir='ltr'><strong><em>κέν</em></strong></span> <span class='ocrx_word' id='word_1_97' title='bbox 920 1722 978 1780; x_wconf 88' lang='grc' dir='ltr'><strong><em>μιν</em></strong></span> 
     </span>
     <span class='ocr_line' id='line_1_15' title="bbox 210 1797 1054 1890; baseline -0.007 -19"><span class='ocrx_word' id='word_1_98' title='bbox 210 1830 249 1871; x_wconf 79' lang='grc' dir='ltr'><strong><em>ιιι</em></strong></span> <span class='ocrx_word' id='word_1_99' title='bbox 263 1797 352 1890; x_wconf 82' lang='grc' dir='ltr'><strong><em>μοῖρ’</em></strong></span> <span class='ocrx_word' id='word_1_100' title='bbox 376 1798 453 1890; x_wconf 84' lang='grc' dir='ltr'><strong><em>ὀλοή</em></strong></span> <span class='ocrx_word' id='word_1_101' title='bbox 476 1801 642 1890; x_wconf 85' lang='grc' dir='ltr'><strong><em>καθέλῃσι</em></strong></span> <span class='ocrx_word' id='word_1_102' title='bbox 663 1798 856 1888; x_wconf 74' lang='grc' dir='ltr'><strong><em>τανηλετέος</em></strong></span> <span class='ocrx_word' id='word_1_103' title='bbox 878 1798 1054 1880; x_wconf 91' lang='grc' dir='ltr'><strong><em>θανάτοιο,</em></strong></span> 
     </span>
     <span class='ocr_line' id='line_1_16' title="bbox 261 1897 1098 1993; baseline 0.001 -25"><span class='ocrx_word' id='word_1_104' title='bbox 261 1900 307 1992; x_wconf 90' lang='grc' dir='ltr'><strong><em>μή</em></strong></span> <span class='ocrx_word' id='word_1_105' title='bbox 328 1901 381 1982; x_wconf 88' lang='grc' dir='ltr'><strong><em>τίς</em></strong></span> <span class='ocrx_word' id='word_1_106' title='bbox 400 1926 461 1987; x_wconf 91' lang='grc' dir='ltr'><strong><em>μοι</em></strong></span> <span class='ocrx_word' id='word_1_107' title='bbox 482 1902 568 1970; x_wconf 83' lang='grc' dir='ltr'><strong><em>κατὰ</em></strong></span> <span class='ocrx_word' id='word_1_108' title='bbox 590 1903 693 1990; x_wconf 88' lang='grc' dir='ltr'><strong><em>δῆμον</em></strong></span> <span class='ocrx_word' id='word_1_109' title='bbox 714 1897 919 1984; x_wconf 78' lang='grc' dir='ltr'><strong><em>Ἀχαιιάδων</em></strong></span> <span class='ocrx_word' id='word_1_110' title='bbox 940 1901 1098 1993; x_wconf 80' lang='grc' dir='ltr'><strong><em>νεμεσήσῃ</em></strong></span> 
     </span>
     <span class='ocr_line' id='line_1_17' title="bbox 263 2001 1116 2094; baseline -0.001 -23"><span class='ocrx_word' id='word_1_111' title='bbox 263 2001 299 2071; x_wconf 75' lang='grc' dir='ltr'><strong><em>εί</em></strong></span> <span class='ocrx_word' id='word_1_112' title='bbox 316 2029 371 2071; x_wconf 88' lang='grc' dir='ltr'><strong><em>κεν</em></strong></span> <span class='ocrx_word' id='word_1_113' title='bbox 392 2001 468 2094; x_wconf 81' lang='grc' dir='ltr'><strong><em>άτερ</em></strong></span> <span class='ocrx_word' id='word_1_114' title='bbox 490 2001 630 2092; x_wconf 84' lang='grc' dir='ltr'><strong><em>σπείρου</em></strong></span> <span class='ocrx_word' id='word_1_115' title='bbox 653 2005 752 2091; x_wconf 86' lang='grc' dir='ltr'><strong><em>κῆται</em></strong></span> <span class='ocrx_word' id='word_1_116' title='bbox 776 2003 881 2070; x_wconf 79' lang='grc' dir='ltr'><strong><em>πολλοὶ</em></strong></span> <span class='ocrx_word' id='word_1_117' title='bbox 903 2001 1116 2084; x_wconf 76' lang='grc' dir='ltr'><strong><em>κτεατίσσαςῖ</em></strong></span> 
     </span>
     <span class='ocr_line' id='line_1_18' title="bbox 263 2097 1177 2196; baseline 0.003 -24"><span class='ocrx_word' id='word_1_118' title='bbox 263 2097 309 2185; x_wconf 82' lang='grc' dir='ltr'><strong><em>ὦς</em></strong></span> <span class='ocrx_word' id='word_1_119' title='bbox 330 2103 473 2195; x_wconf 85' lang='grc' dir='ltr'><strong><em>ἐφάμην,</em></strong></span> <span class='ocrx_word' id='word_1_120' title='bbox 496 2111 605 2172; x_wconf 81' lang='grc' dir='ltr'><strong><em>τοῖσιν</em></strong></span> <span class='ocrx_word' id='word_1_121' title='bbox 628 2102 659 2173; x_wconf 87' lang='grc' dir='ltr'><strong><em>δ’</em></strong></span> <span class='ocrx_word' id='word_1_122' title='bbox 682 2104 887 2174; x_wconf 72' lang='grc' dir='ltr'><strong><em>ἐπεπείθετο</em></strong></span> <span class='ocrx_word' id='word_1_123' title='bbox 908 2106 1019 2190; x_wconf 85' lang='grc' dir='ltr'><strong><em>θυμός</em></strong></span> <span class='ocrx_word' id='word_1_124' title='bbox 1041 2103 1177 2196; x_wconf 70' lang='grc' dir='ltr'><strong><em>ἀτήνωρ.</em></strong></span> 
     </span>
     <span class='ocr_line' id='line_1_19' title="bbox 263 2203 1118 2296; baseline 0 -24"><span class='ocrx_word' id='word_1_125' title='bbox 263 2203 348 2272; x_wconf 73' lang='grc' dir='ltr'><strong><em>ἔνθα</em></strong></span> <span class='ocrx_word' id='word_1_126' title='bbox 369 2207 427 2272; x_wconf 85' lang='grc' dir='ltr'><strong><em>καὶ</em></strong></span> <span class='ocrx_word' id='word_1_127' title='bbox 448 2203 570 2295; x_wconf 87' lang='grc' dir='ltr'><strong><em>ήματίη</em></strong></span> <span class='ocrx_word' id='word_1_128' title='bbox 592 2207 652 2291; x_wconf 83' lang='grc' dir='ltr'><strong><em>μέν</em></strong></span> <span class='ocrx_word' id='word_1_129' title='bbox 672 2205 870 2296; x_wconf 81' lang='grc' dir='ltr'><strong><em>ὑφαίνεσκον</em></strong></span> <span class='ocrx_word' id='word_1_130' title='bbox 891 2206 993 2291; x_wconf 79' lang='grc' dir='ltr'><strong><em>μέν-αν</em></strong></span> <span class='ocrx_word' id='word_1_131' title='bbox 1015 2204 1118 2289; x_wconf 74' lang='grc' dir='ltr'><strong><em>ἱστόν,</em></strong></span> 
     </span>
     <span class='ocr_line' id='line_1_20' title="bbox 209 2304 1133 2400; baseline -0.003 -21"><span class='ocrx_word' id='word_1_132' title='bbox 209 2338 249 2379; x_wconf 79' lang='grc' dir='ltr'><strong><em>ιοο</em></strong></span> <span class='ocrx_word' id='word_1_133' title='bbox 262 2307 379 2387; x_wconf 84' lang='grc' dir='ltr'><strong><em>νύκτας</em></strong></span> <span class='ocrx_word' id='word_1_134' title='bbox 401 2304 431 2374; x_wconf 91' lang='grc' dir='ltr'><strong><em>δ’</em></strong></span> <span class='ocrx_word' id='word_1_135' title='bbox 456 2305 644 2390; x_wconf 87' lang='grc' dir='ltr'><strong><em>ἀλλύεσκον,</em></strong></span> <span class='ocrx_word' id='word_1_136' title='bbox 668 2307 744 2374; x_wconf 82' lang='grc' dir='ltr'><strong><em>ἐπεὶ</em></strong></span> <span class='ocrx_word' id='word_1_137' title='bbox 767 2309 887 2389; x_wconf 80' lang='grc' dir='ltr'><strong><em>δαΐδας</em></strong></span> <span class='ocrx_word' id='word_1_138' title='bbox 908 2309 1133 2400; x_wconf 80' lang='grc' dir='ltr'><strong><em>παραθείμην.</em></strong></span> 
     </span>
     <span class='ocr_line' id='line_1_21' title="bbox 263 2401 1217 2499; baseline 0.003 -23"><span class='ocrx_word' id='word_1_139' title='bbox 263 2401 307 2489; x_wconf 83' lang='grc' dir='ltr'><strong><em>ὧς</em></strong></span> <span class='ocrx_word' id='word_1_140' title='bbox 327 2408 473 2499; x_wconf 75' lang='grc' dir='ltr'><strong><em>τρίεετες</em></strong></span> <span class='ocrx_word' id='word_1_141' title='bbox 493 2409 552 2494; x_wconf 84' lang='grc' dir='ltr'><strong><em>μὲν</em></strong></span> <span class='ocrx_word' id='word_1_142' title='bbox 574 2407 697 2498; x_wconf 75' lang='grc' dir='ltr'><strong><em>ἔληθον</em></strong></span> <span class='ocrx_word' id='word_1_143' title='bbox 719 2409 783 2476; x_wconf 72' lang='grc' dir='ltr'><strong><em>ἐτώ</em></strong></span> <span class='ocrx_word' id='word_1_144' title='bbox 806 2411 863 2476; x_wconf 80' lang='grc' dir='ltr'><strong><em>καὶ</em></strong></span> <span class='ocrx_word' id='word_1_145' title='bbox 885 2408 1028 2478; x_wconf 81' lang='grc' dir='ltr'><strong><em>έπειθον</em></strong></span> <span class='ocrx_word' id='word_1_146' title='bbox 1050 2408 1217 2494; x_wconf 82' lang='grc' dir='ltr'><strong><em>Ἀχαιούς·</em></strong></span> 
     </span>
     <span class='ocr_line' id='line_1_22' title="bbox 263 2505 1202 2601; baseline 0.002 -23"><span class='ocrx_word' id='word_1_147' title='bbox 263 2506 335 2578; x_wconf 86' lang='grc' dir='ltr'><strong><em>ἀλλ’</em></strong></span> <span class='ocrx_word' id='word_1_148' title='bbox 357 2509 413 2580; x_wconf 83' lang='grc' dir='ltr'><strong><em>ὅτε</em></strong></span> <span class='ocrx_word' id='word_1_149' title='bbox 434 2510 588 2601; x_wconf 89' lang='grc' dir='ltr'><strong><em>τέτρατον</em></strong></span> <span class='ocrx_word' id='word_1_150' title='bbox 609 2505 695 2600; x_wconf 89' lang='grc' dir='ltr'><strong><em>ήλθε</em></strong></span> <span class='ocrx_word' id='word_1_151' title='bbox 715 2511 808 2590; x_wconf 79' lang='grc' dir='ltr'><strong><em>εέτος</em></strong></span> <span class='ocrx_word' id='word_1_152' title='bbox 829 2512 887 2578; x_wconf 79' lang='grc' dir='ltr'><strong><em>καί</em></strong></span> <span class='ocrx_word' id='word_1_153' title='bbox 910 2511 1080 2600; x_wconf 88' lang='grc' dir='ltr'><strong><em>ἐπήλυθον</em></strong></span> <span class='ocrx_word' id='word_1_154' title='bbox 1101 2506 1202 2601; x_wconf 78' lang='grc' dir='ltr'><strong><em>ὧραι,</em></strong></span> 
     </span>
     <span class='ocr_line' id='line_1_23' title="bbox 262 2609 1196 2703; baseline 0.001 -23"><span class='ocrx_word' id='word_1_155' title='bbox 262 2614 320 2681; x_wconf 84' lang='grc' dir='ltr'><strong><em>καὶ</em></strong></span> <span class='ocrx_word' id='word_1_156' title='bbox 340 2613 417 2682; x_wconf 89' lang='grc' dir='ltr'><strong><em>τότε</em></strong></span> <span class='ocrx_word' id='word_1_157' title='bbox 440 2614 481 2703; x_wconf 91' lang='grc' dir='ltr'><strong><em>δή</em></strong></span> <span class='ocrx_word' id='word_1_158' title='bbox 503 2639 544 2699; x_wconf 88' lang='grc' dir='ltr'><strong><em>με</em></strong></span> <span class='ocrx_word' id='word_1_159' title='bbox 567 2616 626 2680; x_wconf 86' lang='grc' dir='ltr'><strong><em>διά</em></strong></span> <span class='ocrx_word' id='word_1_160' title='bbox 649 2614 778 2699; x_wconf 88' lang='grc' dir='ltr'><strong><em>δμωάς,</em></strong></span> <span class='ocrx_word' id='word_1_161' title='bbox 800 2613 898 2692; x_wconf 91' lang='grc' dir='ltr'><strong><em>κύνας</em></strong></span> <span class='ocrx_word' id='word_1_162' title='bbox 919 2609 978 2681; x_wconf 88' lang='grc' dir='ltr'><strong><em>ούκ</em></strong></span> <span class='ocrx_word' id='word_1_163' title='bbox 1001 2610 1196 2697; x_wconf 74' lang='grc' dir='ltr'><strong><em>ἀλετούσας,</em></strong></span> 
     </span>
     <span class='ocr_line' id='line_1_24' title="bbox 209 2705 1062 2802; baseline 0.002 -22"><span class='ocrx_word' id='word_1_164' title='bbox 209 2738 249 2781; x_wconf 80' lang='grc' dir='ltr'><strong><em>ιεε</em></strong></span> <span class='ocrx_word' id='word_1_165' title='bbox 263 2705 351 2782; x_wconf 81' lang='grc' dir='ltr'><strong><em>εἶλον</em></strong></span> <span class='ocrx_word' id='word_1_166' title='bbox 373 2714 572 2794; x_wconf 85' lang='grc' dir='ltr'><strong><em>ἐπελθόντες</em></strong></span> <span class='ocrx_word' id='word_1_167' title='bbox 592 2715 650 2781; x_wconf 84' lang='grc' dir='ltr'><strong><em>καὶ</em></strong></span> <span class='ocrx_word' id='word_1_168' title='bbox 673 2712 858 2802; x_wconf 82' lang='grc' dir='ltr'><strong><em>ὁμόκλησαν</em></strong></span> <span class='ocrx_word' id='word_1_169' title='bbox 879 2714 1062 2782; x_wconf 75' lang='grc' dir='ltr'><strong><em>εεπέεσσιν.</em></strong></span> 
     </span>
     <span class='ocr_line' id='line_1_25' title="bbox 263 2806 1268 2911; baseline 0.008 -31"><span class='ocrx_word' id='word_1_170' title='bbox 263 2806 307 2893; x_wconf 83' lang='grc' dir='ltr'><strong><em>ὦς</em></strong></span> <span class='ocrx_word' id='word_1_171' title='bbox 328 2817 368 2882; x_wconf 88' lang='grc' dir='ltr'><strong><em>τό</em></strong></span> <span class='ocrx_word' id='word_1_172' title='bbox 389 2814 448 2899; x_wconf 79' lang='grc' dir='ltr'><strong><em>μέν</em></strong></span> <span class='ocrx_word' id='word_1_173' title='bbox 468 2815 660 2896; x_wconf 86' lang='grc' dir='ltr'><strong><em>ἐξετέλεσσα</em></strong></span> <span class='ocrx_word' id='word_1_174' title='bbox 682 2819 740 2884; x_wconf 86' lang='grc' dir='ltr'><strong><em>καὶ</em></strong></span> <span class='ocrx_word' id='word_1_175' title='bbox 762 2813 820 2884; x_wconf 87' lang='grc' dir='ltr'><strong><em>ούκ</em></strong></span> <span class='ocrx_word' id='word_1_176' title='bbox 842 2813 1009 2896; x_wconf 84' lang='grc' dir='ltr'><strong><em>ἐθέλουσ’,</em></strong></span> <span class='ocrx_word' id='word_1_177' title='bbox 1031 2816 1090 2884; x_wconf 75' lang='grc' dir='ltr'><strong><em>ὑπ’</em></strong></span> <span class='ocrx_word' id='word_1_178' title='bbox 1114 2815 1268 2911; x_wconf 75' lang='grc' dir='ltr'><strong><em>ἀνάτκης·</em></strong></span> 
     </span>
     <span class='ocr_line' id='line_1_26' title="bbox 261 2911 1269 3011; baseline 0.006 -31"><span class='ocrx_word' id='word_1_179' title='bbox 261 2916 316 2980; x_wconf 80' lang='grc' dir='ltr'><strong><em>νῦν</em></strong></span> <span class='ocrx_word' id='word_1_180' title='bbox 338 2911 369 2980; x_wconf 90' lang='grc' dir='ltr'><strong><em>δ’</em></strong></span> <span class='ocrx_word' id='word_1_181' title='bbox 393 2911 464 2982; x_wconf 64' lang='grc' dir='ltr'><strong><em>οὔτ’</em></strong></span> <span class='ocrx_word' id='word_1_182' title='bbox 488 2915 660 3004; x_wconf 74' lang='grc' dir='ltr'><strong><em>ἐκφυτέειν</em></strong></span> <span class='ocrx_word' id='word_1_183' title='bbox 683 2916 826 3002; x_wconf 90' lang='grc' dir='ltr'><strong><em>δύναμαι</em></strong></span> <span class='ocrx_word' id='word_1_184' title='bbox 847 2917 965 3000; x_wconf 74' lang='grc' dir='ltr'><strong><em>τάμον,</em></strong></span> <span class='ocrx_word' id='word_1_185' title='bbox 990 2913 1065 2984; x_wconf 80' lang='grc' dir='ltr'><strong><em>ούτε</em></strong></span> <span class='ocrx_word' id='word_1_186' title='bbox 1085 2917 1149 2986; x_wconf 90' lang='grc' dir='ltr'><strong><em>τιν’</em></strong></span> <span class='ocrx_word' id='word_1_187' title='bbox 1171 2915 1269 3011; x_wconf 78' lang='grc' dir='ltr'><strong><em>ἀλλην</em></strong></span> 
     </span>
     <span class='ocr_line' id='line_1_27' title="bbox 261 3013 1130 3110; baseline 0.01 -29"><span class='ocrx_word' id='word_1_188' title='bbox 261 3018 359 3104; x_wconf 88' lang='grc' dir='ltr'><strong><em>μῆτιν</em></strong></span> <span class='ocrx_word' id='word_1_189' title='bbox 380 3013 439 3085; x_wconf 71' lang='grc' dir='ltr'><strong><em>ἔθ’</em></strong></span> <span class='ocrx_word' id='word_1_190' title='bbox 461 3013 609 3104; x_wconf 76' lang='grc' dir='ltr'><strong><em>εὑρίσκω.</em></strong></span> <span class='ocrx_word' id='word_1_191' title='bbox 653 3019 744 3102; x_wconf 90' lang='grc' dir='ltr'><strong><em>μάλα</em></strong></span> <span class='ocrx_word' id='word_1_192' title='bbox 767 3015 798 3086; x_wconf 88' lang='grc' dir='ltr'><strong><em>δ’</em></strong></span> <span class='ocrx_word' id='word_1_193' title='bbox 822 3015 994 3105; x_wconf 83' lang='grc' dir='ltr'><strong><em>ὀτρύνουσι</em></strong></span> <span class='ocrx_word' id='word_1_194' title='bbox 1015 3023 1130 3110; x_wconf 79' lang='grc' dir='ltr'><strong><em>τοκῆες</em></strong></span> 
     </span>
     <span class='ocr_line' id='line_1_28' title="bbox 261 3115 1136 3208; baseline 0.01 -26"><span class='ocrx_word' id='word_1_195' title='bbox 261 3115 422 3206; x_wconf 73' lang='grc' dir='ltr'><strong><em>τήμαοθ’,</em></strong></span> <span class='ocrx_word' id='word_1_196' title='bbox 447 3115 598 3208; x_wconf 77' lang='grc' dir='ltr'><strong><em>ἀσχαλάᾳ</em></strong></span> <span class='ocrx_word' id='word_1_197' title='bbox 621 3119 659 3186; x_wconf 86' lang='grc' dir='ltr'><strong><em>δέ</em></strong></span> <span class='ocrx_word' id='word_1_198' title='bbox 680 3121 766 3200; x_wconf 90' lang='grc' dir='ltr'><strong><em>πάις</em></strong></span> <span class='ocrx_word' id='word_1_199' title='bbox 787 3118 900 3205; x_wconf 80' lang='grc' dir='ltr'><strong><em>βίοτον</em></strong></span> <span class='ocrx_word' id='word_1_200' title='bbox 922 3121 1136 3206; x_wconf 87' lang='grc' dir='ltr'><strong><em>κατεδόντων,</em></strong></span> 
     </span>
     <span class='ocr_line' id='line_1_29' title="bbox 209 3213 1053 3311; baseline 0.004 -26"><span class='ocrx_word' id='word_1_201' title='bbox 209 3246 248 3287; x_wconf 84' lang='grc' dir='ltr'><strong><em>ιω</em></strong></span> <span class='ocrx_word' id='word_1_202' title='bbox 260 3219 462 3287; x_wconf 76' lang='grc' dir='ltr'><strong><em>τιτνιόσκων·</em></strong></span> <span class='ocrx_word' id='word_1_203' title='bbox 484 3218 547 3311; x_wconf 81' lang='grc' dir='ltr'><strong><em>ήδη</em></strong></span> <span class='ocrx_word' id='word_1_204' title='bbox 567 3222 631 3309; x_wconf 80' lang='grc' dir='ltr'><strong><em>τάρ</em></strong></span> <span class='ocrx_word' id='word_1_205' title='bbox 654 3221 734 3311; x_wconf 85' lang='grc' dir='ltr'><strong><em>ἀνήρ</em></strong></span> <span class='ocrx_word' id='word_1_206' title='bbox 758 3213 829 3300; x_wconf 86' lang='grc' dir='ltr'><strong><em>οἷός</em></strong></span> <span class='ocrx_word' id='word_1_207' title='bbox 849 3247 886 3287; x_wconf 88' lang='grc' dir='ltr'><strong><em>τε</em></strong></span> <span class='ocrx_word' id='word_1_208' title='bbox 907 3222 1053 3306; x_wconf 88' lang='grc' dir='ltr'><strong><em>μάλιστα</em></strong></span> 
     </span>
     <span class='ocr_line' id='line_1_30' title="bbox 259 3317 1090 3411; baseline 0.006 -24"><span class='ocrx_word' id='word_1_209' title='bbox 259 3319 375 3389; x_wconf 72' lang='grc' dir='ltr'><strong><em>τοίκου</em></strong></span> <span class='ocrx_word' id='word_1_210' title='bbox 396 3323 581 3410; x_wconf 89' lang='grc' dir='ltr'><strong><em>κήδεσθαι,</em></strong></span> <span class='ocrx_word' id='word_1_211' title='bbox 604 3325 653 3411; x_wconf 78' lang='grc' dir='ltr'><strong><em>τῷ</em></strong></span> <span class='ocrx_word' id='word_1_212' title='bbox 673 3347 709 3390; x_wconf 89' lang='grc' dir='ltr'><strong><em>τε</em></strong></span> <span class='ocrx_word' id='word_1_213' title='bbox 732 3323 815 3402; x_wconf 83' lang='grc' dir='ltr'><strong><em>Ζεύς</em></strong></span> <span class='ocrx_word' id='word_1_214' title='bbox 836 3324 937 3402; x_wconf 75' lang='grc' dir='ltr'><strong><em>κῆδος</em></strong></span> <span class='ocrx_word' id='word_1_215' title='bbox 960 3317 1090 3406; x_wconf 83' lang='grc' dir='ltr'><strong><em>ὀπάζει.</em></strong></span> 
     </span>
     <span class='ocr_line' id='line_1_31' title="bbox 261 3417 1202 3509; baseline 0.01 -22"><span class='ocrx_word' id='word_1_216' title='bbox 261 3419 344 3488; x_wconf 80' lang='grc' dir='ltr'><strong><em>ἀλλὰ</em></strong></span> <span class='ocrx_word' id='word_1_217' title='bbox 365 3423 422 3490; x_wconf 85' lang='grc' dir='ltr'><strong><em>καὶ</em></strong></span> <span class='ocrx_word' id='word_1_218' title='bbox 444 3417 489 3504; x_wconf 84' lang='grc' dir='ltr'><strong><em>ὦς</em></strong></span> <span class='ocrx_word' id='word_1_219' title='bbox 509 3449 569 3509; x_wconf 90' lang='grc' dir='ltr'><strong><em>μοι</em></strong></span> <span class='ocrx_word' id='word_1_220' title='bbox 590 3425 689 3492; x_wconf 76' lang='grc' dir='ltr'><strong><em>τειπέ</em></strong></span> <span class='ocrx_word' id='word_1_221' title='bbox 710 3426 784 3490; x_wconf 86' lang='grc' dir='ltr'><strong><em>τεόν</em></strong></span> <span class='ocrx_word' id='word_1_222' title='bbox 803 3424 907 3504; x_wconf 77' lang='grc' dir='ltr'><strong><em>τόνος,</em></strong></span> <span class='ocrx_word' id='word_1_223' title='bbox 933 3421 1092 3493; x_wconf 87' lang='grc' dir='ltr'><strong><em>ὁππόθεν</em></strong></span> <span class='ocrx_word' id='word_1_224' title='bbox 1113 3426 1202 3496; x_wconf 84' lang='grc' dir='ltr'><strong><em>ἐσσί·</em></strong></span> 
     </span>
     <span class='ocr_line' id='line_1_32' title="bbox 262 3519 1303 3624; baseline 0.008 -34"><span class='ocrx_word' id='word_1_225' title='bbox 262 3519 299 3590; x_wconf 88' lang='grc' dir='ltr'><strong><em>ού</em></strong></span> <span class='ocrx_word' id='word_1_226' title='bbox 320 3525 384 3608; x_wconf 75' lang='grc' dir='ltr'><strong><em>τδρ</em></strong></span> <span class='ocrx_word' id='word_1_227' title='bbox 407 3522 476 3592; x_wconf 86' lang='grc' dir='ltr'><strong><em>ἀπὸ</em></strong></span> <span class='ocrx_word' id='word_1_228' title='bbox 500 3525 595 3613; x_wconf 90' lang='grc' dir='ltr'><strong><em>δρυός</em></strong></span> <span class='ocrx_word' id='word_1_229' title='bbox 617 3526 691 3592; x_wconf 89' lang='grc' dir='ltr'><strong><em>ἐσσι</em></strong></span> <span class='ocrx_word' id='word_1_230' title='bbox 714 3525 944 3615; x_wconf 84' lang='grc' dir='ltr'><strong><em>παλαιφάτου,</em></strong></span> <span class='ocrx_word' id='word_1_231' title='bbox 969 3522 1041 3592; x_wconf 80' lang='grc' dir='ltr'><strong><em>οὐδ’</em></strong></span> <span class='ocrx_word' id='word_1_232' title='bbox 1065 3524 1134 3596; x_wconf 88' lang='grc' dir='ltr'><strong><em>ἀπό</em></strong></span> <span class='ocrx_word' id='word_1_233' title='bbox 1156 3528 1303 3624; x_wconf 84' lang='grc' dir='ltr'><strong><em>πέτρης.”</em></strong></span> 
     </span>
     <span class='ocr_line' id='line_1_33' title="bbox 303 3621 1282 3719; baseline 0.012 -31"><span class='ocrx_word' id='word_1_234' title='bbox 303 3626 361 3712; x_wconf 83' lang='grc' dir='ltr'><strong><em>τήν</em></strong></span> <span class='ocrx_word' id='word_1_235' title='bbox 384 3621 414 3691; x_wconf 89' lang='grc' dir='ltr'><strong><em>δ’</em></strong></span> <span class='ocrx_word' id='word_1_236' title='bbox 438 3622 709 3713; x_wconf 83' lang='grc' dir='ltr'><strong><em>ἀπαμειβόμενος</em></strong></span> <span class='ocrx_word' id='word_1_237' title='bbox 730 3628 882 3719; x_wconf 81' lang='grc' dir='ltr'><strong><em>προσέφη</em></strong></span> <span class='ocrx_word' id='word_1_238' title='bbox 906 3629 1092 3718; x_wconf 87' lang='grc' dir='ltr'><strong><em>πολύμητις</em></strong></span> <span class='ocrx_word' id='word_1_239' title='bbox 1109 3625 1282 3714; x_wconf 84' lang='grc' dir='ltr'><strong><em>Ὀδυσσεύς</em></strong></span> 
     </span>
     <span class='ocr_line' id='line_1_34' title="bbox 205 3715 992 3820; baseline 0.015 -33"><span class='ocrx_word' id='word_1_240' title='bbox 205 3715 308 3790; x_wconf 53' lang='lat' dir='ltr'><strong><em>mm}</em></strong></span> <span class='ocrx_word' id='word_1_241' title='bbox 328 3724 425 3792; x_wconf 73' lang='grc' dir='ltr'><strong><em>τύναι</em></strong></span> <span class='ocrx_word' id='word_1_242' title='bbox 447 3724 560 3816; x_wconf 80' lang='grc' dir='ltr'><strong><em>αἰδοίη</em></strong></span> <span class='ocrx_word' id='word_1_243' title='bbox 582 3729 804 3818; x_wconf 89' lang='grc' dir='ltr'><strong><em>Λαερτιάδεω</em></strong></span> <span class='ocrx_word' id='word_1_244' title='bbox 823 3726 992 3820; x_wconf 82' lang='grc' dir='ltr'><strong><em>Ὀδυσῆος,</em></strong></span> 
     </span>
     <span class='ocr_line' id='line_1_35' title="bbox 259 3821 1107 3918; baseline 0.011 -26"><span class='ocrx_word' id='word_1_245' title='bbox 259 3821 367 3894; x_wconf 78' lang='grc' dir='ltr'><strong><em>οὐκέτ’</em></strong></span> <span class='ocrx_word' id='word_1_246' title='bbox 391 3823 589 3916; x_wconf 85' lang='grc' dir='ltr'><strong><em>ἀπολλήξεις</em></strong></span> <span class='ocrx_word' id='word_1_247' title='bbox 610 3831 666 3898; x_wconf 85' lang='grc' dir='ltr'><strong><em>τόν</em></strong></span> <span class='ocrx_word' id='word_1_248' title='bbox 687 3830 767 3916; x_wconf 81' lang='grc' dir='ltr'><strong><em>ἐμόν</em></strong></span> <span class='ocrx_word' id='word_1_249' title='bbox 787 3830 883 3901; x_wconf 74' lang='grc' dir='ltr'><strong><em>τόνον</em></strong></span> <span class='ocrx_word' id='word_1_250' title='bbox 905 3830 1107 3918; x_wconf 74' lang='grc' dir='ltr'><strong><em>ἐκεερέουοα.</em></strong></span> 
     </span>
     <span class='ocr_line' id='line_1_36' title="bbox 258 3923 1143 4022; baseline 0.012 -30"><span class='ocrx_word' id='word_1_251' title='bbox 258 3923 330 3995; x_wconf 82' lang='grc' dir='ltr'><strong><em>ἀλλ’</em></strong></span> <span class='ocrx_word' id='word_1_252' title='bbox 352 3925 388 3996; x_wconf 77' lang='grc' dir='ltr'><strong><em>ἐκ</em></strong></span> <span class='ocrx_word' id='word_1_253' title='bbox 408 3954 462 3998; x_wconf 91' lang='grc' dir='ltr'><strong><em>τοι</em></strong></span> <span class='ocrx_word' id='word_1_254' title='bbox 482 3929 598 4018; x_wconf 76' lang='grc' dir='ltr'><strong><em>τερέω·</em></strong></span> <span class='ocrx_word' id='word_1_255' title='bbox 620 3924 642 4021; x_wconf 80' lang='grc' dir='ltr'><em>ἦ</em></span> <span class='ocrx_word' id='word_1_256' title='bbox 663 3933 726 4022; x_wconf 92' lang='grc' dir='ltr'><strong><em>μήν</em></strong></span> <span class='ocrx_word' id='word_1_257' title='bbox 747 3929 783 4017; x_wconf 89' lang='grc' dir='ltr'><strong><em>μ’</em></strong></span> <span class='ocrx_word' id='word_1_258' title='bbox 807 3929 942 4015; x_wconf 85' lang='grc' dir='ltr'><strong><em>ἀχέεσσί</em></strong></span> <span class='ocrx_word' id='word_1_259' title='bbox 962 3959 1001 4000; x_wconf 74' lang='grc' dir='ltr'><strong><em>τε</em></strong></span> <span class='ocrx_word' id='word_1_260' title='bbox 1023 3935 1143 4016; x_wconf 86' lang='grc' dir='ltr'><strong><em>δαίσεις</em></strong></span> 
     </span>
    </p>
   </div>
   <div class='ocr_carea' id='block_1_3' title="bbox 284 4118 1134 4537">
    <p class='ocr_par' dir='ltr' id='par_1_3' title="bbox 284 4118 1134 4537">
     <span class='ocr_line' id='line_1_37' title="bbox 292 4118 1027 4199; baseline 0.012 -29"><span class='ocrx_word' id='word_1_261' title='bbox 292 4121 340 4172; x_wconf 84' lang='grc'><strong><em>130</em></strong></span> <span class='ocrx_word' id='word_1_262' title='bbox 358 4118 440 4174; x_wconf 84' lang='grc' dir='ltr'><strong><em>ὅσσοι</em></strong></span> <span class='ocrx_word' id='word_1_263' title='bbox 456 4121 511 4196; x_wconf 72' lang='grc' dir='ltr'><strong><em>τὰρ</em></strong></span> <span class='ocrx_word' id='word_1_264' title='bbox 528 4121 660 4193; x_wconf 89' lang='grc' dir='ltr'><strong><em>νήσοισιν</em></strong></span> <span class='ocrx_word' id='word_1_265' title='bbox 677 4127 889 4199; x_wconf 74' lang='grc' dir='ltr'><strong><em>ἐπικρατέουσιν</em></strong></span> <span class='ocrx_word' id='word_1_266' title='bbox 907 4123 1027 4199; x_wconf 79' lang='grc' dir='ltr'><strong><em>ἄριστοι,</em></strong></span> 
     </span>
     <span class='ocr_line' id='line_1_38' title="bbox 355 4207 1048 4283; baseline 0.017 -28"><span class='ocrx_word' id='word_1_267' title='bbox 355 4207 497 4276; x_wconf 81' lang='grc' dir='ltr'><strong><em>Δουλιχίῳ</em></strong></span> <span class='ocrx_word' id='word_1_268' title='bbox 515 4227 544 4261; x_wconf 85' lang='grc' dir='ltr'><strong><em>τε</em></strong></span> <span class='ocrx_word' id='word_1_269' title='bbox 560 4208 646 4283; x_wconf 83' lang='grc' dir='ltr'><strong><em>Σάμῃ</em></strong></span> <span class='ocrx_word' id='word_1_270' title='bbox 665 4229 692 4264; x_wconf 83' lang='grc' dir='ltr'><strong><em>τε</em></strong></span> <span class='ocrx_word' id='word_1_271' title='bbox 711 4215 757 4264; x_wconf 79' lang='grc' dir='ltr'><strong><em>καὶ</em></strong></span> <span class='ocrx_word' id='word_1_272' title='bbox 774 4207 882 4279; x_wconf 84' lang='grc' dir='ltr'><strong><em>ὑλήεντι</em></strong></span> <span class='ocrx_word' id='word_1_273' title='bbox 899 4210 1048 4281; x_wconf 81' lang='grc' dir='ltr'><strong><em>Ζακύνθῳ,</em></strong></span> 
     </span>
     <span class='ocr_line' id='line_1_39' title="bbox 356 4286 1056 4368; baseline 0.016 -32"><span class='ocrx_word' id='word_1_274' title='bbox 356 4289 387 4337; x_wconf 80' lang='grc' dir='ltr'><strong><em>οἵ</em></strong></span> <span class='ocrx_word' id='word_1_275' title='bbox 401 4286 428 4338; x_wconf 88' lang='grc' dir='ltr'><strong><em>τ’</em></strong></span> <span class='ocrx_word' id='word_1_276' title='bbox 447 4288 534 4356; x_wconf 83' lang='grc' dir='ltr'><strong><em>αὐτὴν</em></strong></span> <span class='ocrx_word' id='word_1_277' title='bbox 550 4289 662 4360; x_wconf 77' lang='grc' dir='ltr'><strong><em>Ἰθάκην</em></strong></span> <span class='ocrx_word' id='word_1_278' title='bbox 679 4296 819 4350; x_wconf 71' lang='grc' dir='ltr'><strong><em>ἐυδείελον</em></strong></span> <span class='ocrx_word' id='word_1_279' title='bbox 837 4293 1056 4368; x_wconf 77' lang='grc' dir='ltr'><strong><em>ἀμφινέμονται,</em></strong></span> 
     </span>
     <span class='ocr_line' id='line_1_40' title="bbox 356 4367 1133 4452; baseline 0.014 -28"><span class='ocrx_word' id='word_1_280' title='bbox 356 4371 386 4421; x_wconf 78' lang='grc' dir='ltr'><strong><em>ολ</em></strong></span> <span class='ocrx_word' id='word_1_281' title='bbox 401 4367 434 4440; x_wconf 84' lang='grc' dir='ltr'><strong><em>μ’</em></strong></span> <span class='ocrx_word' id='word_1_282' title='bbox 454 4369 657 4444; x_wconf 70' lang='grc' dir='ltr'><strong><em>ἀεεκαζομέυηυ</em></strong></span> <span class='ocrx_word' id='word_1_283' title='bbox 672 4383 807 4450; x_wconf 81' lang='grc' dir='ltr'><strong><em>μνῶνται,</em></strong></span> <span class='ocrx_word' id='word_1_284' title='bbox 827 4377 960 4452; x_wconf 81' lang='grc' dir='ltr'><strong><em>τρύχουσι</em></strong></span> <span class='ocrx_word' id='word_1_285' title='bbox 979 4381 1010 4434; x_wconf 72' lang='grc' dir='ltr'><strong><em>δὲ</em></strong></span> <span class='ocrx_word' id='word_1_286' title='bbox 1026 4386 1133 4436; x_wconf 72' lang='grc' dir='ltr'><strong><em>εοῖκον.</em></strong></span> 
     </span>
     <span class='ocr_line' id='line_1_41' title="bbox 284 4453 1134 4537; baseline 0.019 -31"><span class='ocrx_word' id='word_1_287' title='bbox 284 4453 337 4516; x_wconf 77' lang='grc'><strong><em>,153</em></strong></span> <span class='ocrx_word' id='word_1_288' title='bbox 354 4457 451 4524; x_wconf 82' lang='grc' dir='ltr'><strong><em>μηνῶν</em></strong></span> <span class='ocrx_word' id='word_1_289' title='bbox 468 4454 639 4527; x_wconf 78' lang='grc' dir='ltr'><strong><em>φθινόντων,</em></strong></span> <span class='ocrx_word' id='word_1_290' title='bbox 659 4466 724 4535; x_wconf 77' lang='grc' dir='ltr'><strong><em>περὶ</em></strong></span> <span class='ocrx_word' id='word_1_291' title='bbox 743 4463 770 4516; x_wconf 78' lang='grc' dir='ltr'><strong><em>δ’</em></strong></span> <span class='ocrx_word' id='word_1_292' title='bbox 790 4462 885 4534; x_wconf 72' lang='grc' dir='ltr'><strong><em>ἤματα</em></strong></span> <span class='ocrx_word' id='word_1_293' title='bbox 903 4462 993 4518; x_wconf 82' lang='grc' dir='ltr'><strong><em>πολλά</em></strong></span> <span class='ocrx_word' id='word_1_294' title='bbox 1011 4467 1134 4537; x_wconf 72' lang='grc' dir='ltr'><strong><em>τελέσθη,</em></strong></span> 
     </span>
    </p>
   </div>
   <div class='ocr_carea' id='block_1_4' title="bbox 0 0 1526 5232">
    <p class='ocr_par' dir='ltr' id='par_1_4' title="bbox 0 0 1526 5232">
     <span class='ocr_line' id='line_1_42' title="bbox 0 0 1526 5232; baseline 0 2"><span class='ocrx_word' id='word_1_295' title='bbox 0 0 1526 5232; x_wconf 95' lang='lat' dir='ltr'><strong><em> </em></strong></span> 
     </span>
    </p>
   </div>
  </div>
 </body>
</html>
