3044 5232
517 322 557 372 15.
596 320 844 377 ΟΔΦΣΣΕῙΛΣ
863 330 888 379 Ο

524 421 528 448 λ

138 467 290 559 Κτήσιος
307 465 510 560 Ὀρμενίδης,
534 472 739 556 ἕπιεείκελος
762 476 993 549 ἀθανάτοισιν.

19 619 24 630 ·
83 604 124 644 ωε
184 567 268 639 ἔνθα
291 572 327 638 δὲ
350 569 505 654 Φοίνικες
526 575 736 647 ναυσίκλυτοι
759 577 886 670 ήλυθον
908 581 1034 671 ἀνδρες,

136 676 293 761 τρῶκται,
316 671 408 763 μυρί’
431 672 565 757 δύνοντες
587 675 766 769 ἀθύρματα
787 684 840 772 νηὶ
861 684 1007 776 μελαίνῃ.

138 773 214 842 ἔσκε
237 774 275 843 δὲ
297 777 425 864 πατρὸς
447 777 541 862 ἐμοῖο
562 782 642 870 Γυνή
666 781 823 850 (δαίμον’
846 785 894 852 ἐνί
914 785 1034 876 εοίκφ,

138 876 221 966 καλή
243 902 280 943 τε
299 877 425 968 μενάλη
447 905 484 946 τε
505 879 562 948 καὶ
587 879 692 950 ἀτλαά
713 885 813 974 τέρτα
834 889 962 954 ειδυῖα·

137 979 196 1068 τήν
218 976 251 1045 δ’
273 976 338 1068 ἀρα
361 980 516 1062 Φοίνικες
537 982 798 1053 πολυπαίπαλοι
818 984 1035 1077 ήπερύπευον.

84 1114 125 1152 420
138 1081 307 1170 πλυνούσῃ
330 1108 382 1162 τις
404 1084 522 1172 πρώτα
543 1083 623 1176 μίν-η
646 1084 741 1178 κοίλῃ
764 1090 858 1178 παρὰ
879 1087 933 1178 νηί

139 1181 213 1275 εύνῇ
235 1186 293 1252 καί
314 1186 484 1276 φιλότητι,
506 1187 549 1254 τά
571 1212 608 1253 τε
629 1185 978 1277 φρέναςήπεροπεύει

137 1286 340 1376 θηλυτέρῃσι
362 1286 505 1370 ιυναιξί,
529 1289 587 1355 καί
608 1288 630 1378 ή
651 1287 684 1354 κ’
705 1289 857 1378 δυεερνδς
879 1288 980 1382 ἔῃσιν.

138 1385 258 1476 εἰρώτα
281 1390 321 1478 δή
344 1386 464 1457 ἔπειτα
484 1389 536 1470 τίς
558 1388 611 1480 εἴη
634 1393 691 1459 καὶ
713 1392 824 1460 πόθεν
846 1390 960 1461 ἔλθοι·

136 1482 156 1579 η’
181 1489 219 1556 δὲ
239 1486 318 1575 μάλ’
342 1487 460 1558 αύτίκα
482 1491 609 1580 πατρὸς
630 1489 821 1579 ἐπέφραδεν
842 1488 1007 1585 ὑψερεφὲς
1029 1497 1086 1563 δώ.

83 1587 184 1660 σώέκ
206 1592 267 1676 μὲν
287 1593 433 1673 Σιδῶνος
455 1592 665 1678 πολυχάλκου
689 1589 826 1677 εύχομαι
848 1585 946 1676 εἶναι,

136 1692 234 1782 κούρη
258 1690 291 1760 δ’
314 1691 380 1779 εἴμ’
404 1691 604 1784 Ἀρύβαντος
625 1693 690 1762 ἕνα)
713 1695 812 1783 ῥυδὸν
835 1690 1002 1783 ἀφνειοῖο·

135 1792 219 1861 ἀλλά
239 1791 276 1878 μ’
300 1791 491 1885 ἀνήρπαξαν
517 1794 645 1885 Τάφιοι
667 1794 837 1883 ληίστορες
858 1792 973 1886 ἀνδρες

140 1893 287 1982 ἀνρύθεν
309 1896 492 1987 ἐρχομένην,
517 1896 666 1981 πέρασαν
689 1896 727 1963 δέ
748 1921 790 1980 με
812 1894 900 1985 δεῦρ’
923 1896 1101 1981 ἀνανόντες

136 1993 229 2064 τοῦδ’
253 1996 371 2088 ἀνδρὸς
393 2000 480 2086 πρὸς
502 1993 647 2083 δώμαθ’,
673 1989 690 2062 δ
716 1993 747 2064 δ’
771 1995 864 2078 ἀξιον
886 1993 968 2067 ώνον
989 1999 1129 2070 ἔδωκενῖ

83 2123 122 2163 ωυ
177 2101 237 2188 τήν
260 2097 291 2166 δ’
316 2093 393 2168 αὖτε
416 2100 638 2188 προσέταττεν
660 2095 740 2188 ἀνήρ
763 2093 803 2179 δς
824 2099 977 2186 ἕμίσνετο
1000 2103 1111 2195 λάθρῃ
1175 2137 1178 2142 ’

131 2193 168 2289 ἠ’
190 2199 233 2288 ῥά
255 2226 292 2268 κε
313 2203 367 2268 νῦν
388 2202 491 2269 πάλιν
513 2194 605 2282 αὖτις
627 2197 686 2286 ἀμ’
708 2199 785 2290 ἡμῖν
805 2201 939 2271 εοίκαδ’
963 2204 1078 2287 ἕποιο,

135 2297 225 2394 δφρα
245 2299 324 2394 είδῃ
346 2305 474 2398 πατρὸς
495 2306 553 2371 καὶ
573 2303 714 2393 μητέρος
734 2301 898 2395 ὑψερεφὲς
920 2309 969 2372 δῶ

135 2402 253 2484 αύτούς
274 2403 320 2487 τ’,·
341 2398 363 2495 ή
382 2407 447 2496 νάρ
469 2402 516 2472 ἔτ’
539 2403 605 2472 εἶσί
628 2406 685 2472 καί
707 2402 840 2496 α’φνειοὶ
863 2405 1053 2474 καλέονται.’

175 2507 234 2574 τδν
256 2503 288 2574 δ’
312 2500 389 2574 αύτε
411 2506 616 2594 προσέεειπε
636 2508 714 2596 svm)
736 2508 795 2574 καὶ
818 2505 975 2594 ἀμείβετο
997 2509 1099 2596 μύθῳ

85 2605 202 2698 κώείή
226 2635 280 2676 κεν
301 2610 359 2676 καί
380 2607 479 2691 τοῦτ’,
505 2607 540 2678 εἴ
557 2635 616 2693 μοι
638 2607 790 2676 ἐθέλοιτέ
811 2635 861 2689 τε,
886 2612 1014 2691 ναύται,

133 2709 223 2800 δρκφ
246 2713 463 2801 πιστωθῆναι
488 2708 646 2801 ἀπήμονα
667 2707 799 2778 εοίκαδ
823 2707 984 2794 ἀπάξειν.’

177 2805 229 2892 ὦς,
244 2809 361 2902 ἔφαθ’,
383 2809 420 2881 οἳ
440 2810 470 2879 δ’
495 2809 560 2898 ἀρα
583 2811 704 2892 πάντες
726 2811 899 2896 ἐπώμνυον
921 2812 966 2893 ώς
988 2813 1141 2882 ἐκέλευεν.

134 2910 238 3000 αύτδρ
259 2911 336 2981 ἐπεί
359 2910 388 3003 ρ’
411 2910 537 2998 δμοσάν
557 2938 593 2979 τε
614 2912 808 3003 τελεύτησάν
829 2939 865 2982 τε
886 2916 943 2982 τὸν
966 2912 1075 3005 ὅρκον,

132 3020 200 3095 τοῖς
223 3011 255 3082 δ’
279 3007 371 3094 αύτις
392 3015 567 3098 μετέτειπε
588 3014 664 3103 νυνή
689 3014 746 3081 καὶ
770 3010 926 3100 ἀμείβων
947 3017 1058 3107 μύθην.

87 3115 225 3208 σώσω-ῃ
246 3119 308 3184 νῦν.
353 3116 398 3205 μή
420 3115 472 3197 τίς
492 3141 534 3202 με
556 3115 779 3202 προσαυδάτω
800 3119 975 3186 τεπέεσσιν

133 3216 294 3307 ὑμετέρων
316 3216 451 3309 ἑτάρων,
476 3217 699 3306 ξυμβλήμενος
720 3212 744 3306 ή
764 3217 798 3284 ἐν
820 3215 920 3310 ἀτυιῇ

133 3318 153 3411 ή
175 3346 242 3389 που
266 3321 326 3388 ἐπὶ
347 3321 462 3412 κρήνῃ·
484 3319 531 3409 μή
552 3345 606 3398 τις
628 3318 709 3386 ποτὶ
722 3320 830 3405 ,δώμα
850 3321 977 3408 νέροντι

134 3423 243 3491 ἐλθών
265 3421 417 3512 ἐκτείντῃ,
441 3416 459 3488 ὃ
482 3419 515 3488 δ’
540 3418 716 3506 ὀισάμενος
737 3421 905 3511 καταδήσῃ

135 3526 244 3614 δεσμῷ
266 3524 300 3592 ἒν
322 3521 487 3612 ἀρταλίῳ,
510 3521 585 3608 ύμῖν
607 3519 639 3588 δ’
662 3520 882 3612 ἐπιφράσσετ’
907 3519 1055 3611 δ’λεθρον.

88 3651 122 3692 ιιι
135 3623 205 3694 ἀλλ’
230 3623 314 3709 ἔχετ’
338 3625 371 3693 ἐν
392 3624 490 3716 φρεσί
512 3627 635 3709 μῦθον,
658 3621 808 3692 ἐπείνετε
831 3622 862 3691 δ’
886 3618 967 3694 ώνον
989 3623 1119 3696 ὁδαίων.

135 3725 205 3795 ἀλλ’
231 3725 287 3795 ὅτε
309 3752 363 3796 κεν
385 3728 424 3816 δή
447 3727 523 3816 νηῦς
544 3722 644 3814 πλείη
666 3725 799 3810 βιότοιο
819 3726 970 3816 τένηται,

134 3826 266 3918 ἀττελίη
288 3853 349 3914 μοι
371 3825 490 3894 ἔπειτα
511 3833 603 3906 θοῶς
625 3825 659 3906 ἐς
682 3825 817 3913 δώμαθ’
841 3826 981 3898 ἱκέσθω·

136 3929 217 4000 οἴσω
238 3931 303 4017 τδρ
325 3930 383 3997 καὶ
403 3927 536 4018 χρυσόν,
560 3924 633 4007 δτις
653 3924 687 4009 χ’
709 3925 901 4016 ὑποχείριος
923 3926 1018 4017 ἔλθῃ.

136 4033 191 4100 καὶ
214 4031 253 4100 δέ
275 4056 329 4098 κεν
351 4025 423 4098 ἀλλ’
446 4027 637 4115 ἐπίβαθρον
659 4029 743 4100 ἔτών
765 4029 928 4099 ἐθέλουσά
950 4054 987 4095 τε
1010 4025 1112 4116 δοίην.
1130 4043 1133 4048 ·

90 4159 124 4198 ιω
138 4135 242 4201 παῖδα
263 4134 325 4221 νάρ
349 4130 466 4218 ἀνδρὸς
487 4131 561 4222 ἐήος
583 4131 633 4200 ἐνὶ
652 4130 811 4218 μετάροις
834 4128 1011 4209 ἀτιτάλλω,

136 4234 309 4326 κερδαλέον
332 4235 372 4324 δή
395 4239 499 4316 τοῖον,
524 4233 593 4319 ἅμα
616 4235 788 4320 τρωχώντα
810 4231 920 4318 θύραζ
941 4256 948 4269 ·
1009 4227 1011 4234 ’

137 4336 190 4403 τδν
210 4362 266 4404 κεν
287 4333 400 4422 θύοιμ’
424 4336 485 4404 ἐπὶ
506 4336 597 4426 νηός,
621 4331 641 4402 ὃ
664 4331 696 4400 δ’
719 4331 796 4417 ύμιν
816 4331 933 4423 μυρίον
955 4323 1037 4399 ώνον

139 4433 254 4528 άλφοι,
279 4435 348 4528 δπῃ
371 4439 537 4528 περάσητε
558 4434 633 4504 κατ’
657 4433 861 4526 ἀλλοθρόους
884 4431 1104 4524 ἀνθρώπουςῖ
