3032 5242
244 1496 263 1523 ,Ι

238 1513 376 1640 Ᾰνδρα
396 1574 457 1636 μοι
478 1546 606 1633 ἔννεπε,
628 1552 751 1636 μούσα,
774 1549 998 1635 πολύτροπον,
1022 1545 1060 1632 ὃς
1080 1551 1171 1637 μάλα
1193 1550 1305 1620 πολλά

227 1654 386 1741 πλαεχθη
409 1651 486 1720 ἐπεί
511 1649 632 1742 Τροίης
653 1649 742 1742 ἱερὸν
762 1650 966 1742 πτολίεθρον
987 1650 1136 1743 ἔπερσεν,
1195 1687 1200 1694 ·

162 1749 173 1768 ’
228 1755 361 1822 πολλῶν
384 1751 415 1820 δ’
440 1749 630 1841 ἀνθρώπων
650 1753 724 1824 ,τίδε
745 1755 870 1823 εάστεα
892 1755 949 1823 καί
970 1753 1046 1823 νόον
1063 1752 1165 1837 ’έν-νω,

228 1856 340 1924 πολλά
363 1851 395 1922 δ’
419 1852 437 1923 ό
457 1851 490 1922 τ’
513 1853 548 1923 ἐν
569 1855 682 1946 πόντφ
704 1856 819 1926 πάθεν
840 1853 942 1924 άλτεα
962 1857 1025 1925 τόν.
1043 1858 1128 1925 κατά
1150 1855 1272 1944 θυμόν,

196 1979 209 2020 ⁵
231 1955 407 2045 ἀρνύμενος
427 1956 489 2047 τήν
508 1982 545 2024 τε
565 1959 675 2048 ψυχὴν
696 1958 754 2026 καί
775 1957 892 2027 νόστον
913 1955 1059 2048 ἑταίρων.

229 2057 301 2128 ἀλλ’
325 2055 398 2128 οὐδ’
422 2052 469 2140 ῶς
490 2057 626 2149 ἑτάρους
647 2060 819 2149 ἐρρύσατο,
843 2060 993 2147 ειέμενός
1015 2084 1094 2151 περ·

229 2159 323 2230 αύτοί
343 2162 407 2252 εάρ
430 2160 627 2254 σφετέρῃσιν
649 2159 896 2255 ἀτασθαλίῃσιν
923 2159 1050 2245 όλοντο,

227 2265 359 2357 νήπιοι,
384 2260 420 2332 οἳ
436 2265 522 2332 κατά
544 2267 624 2352 βοῦς
642 2265 834 2356 Ὑπερίονος
851 2263 1000 2334 Ἠελίοιο

226 2365 365 2460 ἤσθιον·
390 2364 492 2455 αύτάρ
515 2361 535 2435 ὃ
556 2371 664 2435 τοῖσιν
685 2365 843 2460 ἀφείλετο
864 2368 1020 2454 νόστιμον
1041 2361 1139 2456 ἦμαρ.

185 2500 211 2540 ω
230 2473 295 2539 τῶν
317 2466 450 2557 ἀμόθεν
469 2495 521 2552 τε,
543 2471 611 2538 θεοὶ
632 2469 780 2559 θύγατερ
801 2469 901 2552 Διός,
925 2467 1001 2538 εἰπέ
1022 2471 1080 2536 καί
1100 2466 1187 2560 ἡμῖν.
1262 2477 1265 2482 ’

270 2569 343 2640 ἔνθ’
369 2567 464 2639 ἀλλοι
486 2571 546 2657 μὲν
567 2570 704 2653 πάντες,
728 2569 805 2640 ὅσοι
827 2570 932 2661 φύν-ον
954 2568 1055 2639 αἰπύν
1078 2566 1231 2656 όλεθρον,
1314 2601 1318 2608 ·

227 2672 338 2743 εοίκοι
361 2670 441 2742 έσαν
462 2673 610 2759 πόλεμόν
630 2698 667 2741 τε
681 2672 895 2763 Ιπεφευιότες
913 2669 975 2762 ἠδέ
996 2671 1188 2740 θάλασσαν·

228 2778 284 2848 τὸν
306 2773 337 2844 δ’
362 2770 434 2844 οἷον
454 2775 571 2844 νόστου
594 2774 787 2866 κεχρημένον
807 2773 869 2865 ἠδὲ
889 2775 1045 2856 τυναικός
1128 2859 1129 2864 ¹

228 2878 336 2969 νύμφη
359 2874 471 2946 πότνι’
495 2875 601 2967 ἔρυκε,
624 2878 779 2966 Καλυψώ
801 2879 858 2946 δῖα
880 2875 1008 2959 θεάων,

186 3004 211 3046 ω
231 2979 265 3048 ἐν
286 2977 409 3047 σπέσσι
429 2980 646 3070 ελαφυροῖσι,
668 2979 858 3070 λιλαιομένη
882 2979 987 3047 πόσιν
1008 2971 1103 3046 εἶναι.

230 3078 304 3149 ἀλλ’
328 3081 383 3149 ὅτε
405 3081 446 3171 δὴ
467 3081 565 3161 νότος
584 3074 671 3174 ἦλθε
692 3073 944 3171 περιπλομένων
965 3080 1124 3149 ἐνιαυτῶν

229 3185 277 3272 τῷ
297 3208 354 3251 τοι
376 3181 605 3250 ἐπεκλώσαντο
627 3183 706 3250 θεοί
719 3183 874 3252 τοικόνδε
895 3182 1036 3251 νέεσθαι

230 3283 278 3366 εἰς
296 3282 444 3376 Ἰθάκην,
468 3281 540 3354 ούδ>
564 3281 650 3353 ἔνθα
671 3285 879 3377 πεφυτμένος
899 3277 955 3376 ἦεν
977 3281 1109 3354 ἀέθλων

231 3387 287 3455 καί
308 3388 393 3473 μετά
414 3390 506 3455 τοῖσι
527 3384 668 3476 φίλοισι.
713 3387 793 3456 θεοί
817 3384 849 3455 δ’
871 3385 1018 3475 ἐλέαιρον
1040 3383 1184 3464 ἅπαντες

188 3513 212 3554 εο
232 3488 332 3581 νόσφι
352 3489 601 3568 Ποσειδάωνος·
624 3483 644 3556 δ
668 3485 700 3556 δ’
722 3485 885 3575 ἀσπερχὲς
905 3487 1070 3574 μενέαινεν

230 3589 379 3683 ἀντιθέῳ
396 3588 532 3682 Ὀδυσῆι
554 3588 665 3680 πάρος
684 3591 744 3681 τὴν
764 3595 863 3658 ταῖαν
885 3587 1033 3658 ἱκέσθαι.

230 3689 301 3761 ἀλλ)
326 3689 344 3762 ὃ
364 3693 424 3779 μὲν
445 3690 633 3774 Αἰθίοπας
653 3689 836 3779 μετεκίαθε
856 3689 978 3783 τηλόθ>
1003 3690 1128 3774 ἐόντας,

230 3793 416 3876 Αίθίοπας
437 3795 492 3864 τοί
514 3796 620 3880 διχθὰ
642 3794 827 3877 δεδαίαται,
850 3791 987 3877 έσχατυι
1009 3791 1149 3884 ἀνδρῶν,

231 3893 266 3966 οἳ
282 3897 343 3983 μέν
365 3897 542 3984 δυσομένου
560 3897 751 3985 Ὑπερίονος
772 3894 809 3967 οἳ
826 3895 860 3966 δ’
883 3895 1046 3980 ἀνιόντος,

187 4023 212 4064 τε
234 3996 373 4068 ἀντιόων
392 3997 520 4085 ταύρων
541 4025 577 4068 τε
598 4002 655 4069 καὶ
678 3997 816 4090 ἀρνειῶν
839 3997 1035 4090 ἑκατόμβης.

230 4097 303 4169 ἕνθ’
327 4099 345 4169 ό
365 4098 399 4168 τ’
422 4101 578 4189 ἐτέρπετο
601 4103 693 4170 δαιτί
716 4102 918 4192 παρήμενος·
942 4097 974 4169 οἱ
997 4101 1035 4168 δέ
1056 4101 1097 4190 δὴ
1121 4095 1217 4168 ἀλλοι

230 4203 336 4293 Ζηνός
357 4202 406 4271 ἐνί
427 4204 623 4294 μει-άραισιν
641 4201 823 4291 Ὀλυμπίου
846 4202 972 4294 ἀθρόοι
991 4195 1083 4293 ἦσαν.

230 4308 320 4372 τοῖσι
343 4304 380 4374 δέ
400 4305 519 4392 μύθων
539 4299 616 4395 ἦρχε
638 4308 748 4397 πατὴρ
771 4303 897 4394 ἀνδρῶν
917 4329 954 4374 τε
975 4307 1066 4374 θεῶν
1086 4331 1136 4373 τε·

230 4405 378 4496 μνήσατο
398 4408 462 4498 τὰρ
484 4409 570 4476 κατά
591 4408 701 4493 θυμόν
723 4405 891 4494 ἀμύμονος
911 4407 1117 4489 Αίείσθοιο,

187 4533 213 4572 ιο
230 4507 289 4576 τόν
311 4505 341 4598 ρ’
363 4505 642 4598 Ἀταμεμνονίδης
662 4511 856 4600 τηλεκλυτὸς
877 4506 983 4579 ἔκταν’
1004 4506 1163 4599 Ὀρέστης.
