3044 5232
527 317 567 366 ιι.
606 316 901 370 omnum
1201 325 1266 392 247

149 463 256 534 κτάν’
211 466 366 594 ετάρων
385 463 593 548 Ὀδυσεύς,”
573 493 624 536 οτι
645 494 702 538 τοι
723 470 840 596 φρεσίν
862 466 961 558 άρτια
981 472 1095 564 τῄδηῗ

196 560 242 649 ὦς
264 568 368 694 φάτο,
391 573 432 660 τῇ
455 566 524 636 δΗ
510 568 562 638 ε’τι
583 570 748 655 μᾶλλον“
730 567 789 660 υφ’
812 568 974 661 λ’μερον’
947 599 1032 664 ωρσε
1052 577 1163 659 νόοιο,

93 668 277 760 πεσήματ’
301 668 483 762 ἀνατνυύση
505 670 548 738 τά
568 697 626 740 τοι
648 669 781 758 έμπεδα
802 673 952 764 πέφραδ’
972 673 1155 760 Ὀδυσσεύς.

151 768 176 863 ή
200 770 234 842 δ’
256 765 396 840 ἐπεὶ
356 798 413 840 ουν
433 773 571 863 τάρφθη
594 773 858 864 πολυδακρύτοιο
878 775 988 859 νόοιο,

151 875 212 942 καὶ
232 873 310 943 τότε
328 901 387 959 μιν
407 875 570 960 μύθοισιν
592 872 795 966 ἀμειβομένη
817 877 1039 964 προσένειπεν

145 973 229 1044 ανῆν
250 975 311 1061 μὲν
332 976 374 1066 δή
392 1003 469 1061 μοι,
492 977 586 1059 ξεῖνε,
610 977 718 1066 πάρος
739 1003 801 1067 περ
825 977 886 1048 ἐών
907 980 1063 1064 ἐλεεινός,

151 1078 187 1146 ἐν
209 1078 402 1165 μετάροισιν
423 1078 534 1163 ἐμοῖσι
556 1076 654 1170 φίλος
675 1076 708 1146 τ’
731 1076 789 1170 ἔσῃ
813 1078 942 1162 αἰδοῖός
962 1109 1012 1150 τε·

99 1210 137 1251 τω
153 1177 237 1268 αάτῆ
259 1181 322 1269 κάρ
344 1178 425 1246 τάδε
446 1177 577 1265 νάματ’
599 1179 663 1248 ἐπιδ
685 1179 789 1269 πόρον
812 1172 860 1249 οἷ’
884 1179 1066 1271 ἀτορεύεις,

152 1279 296 1364 πτύξασ’
319 1281 356 1348 ἐκ
378 1281 551 1367 θαλάμου,
574 1283 717 1372 περόνην
737 1279 767 1348 τ’
791 1279 945 1373 ἐπέθηκα
967 1285 1105 1376 φαεινήν

152 1382 251 1472 κείνῳ
275 1379 396 1469 ἀναλμ’
419 1381 541 1469 ἐμεναι.
585 1382 696 1451 τόνδ’
721 1381 779 1466 ούχ
800 1381 1012 1472 ὑποδέξομαι
1034 1382 1128 1468 αὖτις

151 1485 293 1554 τοίκαδε
313 1484 514 1573 νοστήσαντα
536 1484 636 1576 φίλην
648 1485 691 1570 ἐς
711 1484 860 1574 πατρίδα
880 1493 986 1554 ιαῖαν.

152 1589 201 1675 τῷ
223 1593 265 1675 ῥα
287 1588 372 1676 κακῆ
394 1583 474 1677 α’ίσῳ
496 1586 610 1677 κοίλης
631 1587 691 1655 ἐπὶ
712 1588 788 1677 νηὸς
806 1584 978 1669 Ὀδυσσεύς

99 1721 138 1760 ιιι
154 1685 251 1778 ᾤχετ’
274 1687 486 1774 ἐποψόμενος
507 1687 712 1758 Κακοείλιον
735 1686 793 1757 ούκ
816 1686 1030 1780 δνομαστήν.”

194 1792 254 1880 τήν
277 1789 310 1857 δ’
333 1787 604 1877 ἀπαμειβόμενος
626 1791 778 1880 προσέφη
802 1793 988 1882 πολύμητις
1008 1790 1179 1874 Ὀδυσσεύς

148 1887 202 1960 “ὦ
223 1892 320 1960 νύναι
343 1889 453 1984 αἰδοίη
475 1893 698 1982 Λαερτιάδεω
719 1889 936 1982 Ὀδυσῆος,
1104 1957 1108 1962 ,

152 1994 271 2115 μηκέτι
294 2002 348 2062 νύν
368 1994 452 2084 χρόα
473 1996 573 2063 καλὸν
595 1993 737 2083 ἐναίρεο,
759 1994 847 2083 μηδέ
867 2021 901 2062 τι
923 1995 1034 2080 θυμόν

151 2100 242 2187 τῆκε,
265 2096 368 2165 πόσιν
388 2097 530 2164 τοόωσα.
573 2093 783 2181 νεμεσσῶμαί
802 2121 842 2162 τε
862 2096 921 2181 μὲν
943 2094 1050 2166 ου’·δέν·

99 2229 139 2270 ιω
152 2226 212 2266 και
233 2198 296 2286 τάρ
317 2196 369 2278 τίς
389 2225 409 2265 τ
410 2190 575 2266 ’ἀλλοῖον
598 2195 750 2286 ὀδύρεται
773 2193 866 2287 ἄνδρ’
890 2193 1036 2268 ὀλέσασα

152 2300 336 2390 κουρίδιον,
358 2303 407 2388 τῷ
428 2302 528 2368 τέκνα
548 2298 625 2390 τέκη
648 2298 805 2390 φιλότητι
827 2305 976 2385 μιγεῖσα,

151 2399 175 2494 ῆ
196 2399 339 2491 Ὀδυσῆ’,
362 2401 397 2470 ὅν
419 2425 505 2492 φασι
526 2407 623 2482 θεοῖς
645 2400 830 2468 ἐναλίτκιον
853 2395 947 2469 εἶναι.

153 2502 238 2572 ἀλλά
259 2503 340 2572 τόου
361 2507 420 2588 μὲν
442 2505 584 2585 παῦσαι,
609 2502 700 2587 ἐμεῖο
723 2503 760 2571 δὲ
782 2503 904 2571 σύνθεο
925 2505 1048 2588 μῦθον·

153 2605 335 2696 νημερτέως
354 2605 417 2694 κάρ
439 2631 493 2673 τοι
516 2603 716 2693 μυθήσομαι
739 2600 811 2670 οὐδ’
833 2603 999 2672 ἐπικεύσω

102 2737 140 2777 τιο
154 2706 199 2787 ὥς
218 2704 283 2798 ῆδη
301 2703 460 2795 Ὀδυσῆος
481 2705 545 2772 ἐπιδ
568 2705 647 2794 περὶ
669 2704 786 2772 νόστου
809 2701 936 2773 άκουσα

154 2807 271 2892 ἀτχοῦ,
297 2812 504 2896 Θεσπρωτῶν
528 2803 654 2895 ἀνδρῶν
675 2805 710 2873 ἐν
733 2804 826 2874 πίονι
850 2806 961 2896 δήμῳ,

154 2913 253 2995 ζωοῦ·
277 2907 477 2997 αύτάράτει
499 2906 658 2997 κειμήλια
679 2909 791 2976 πολλά
813 2907 871 2975 καὶ
893 2908 1003 2978 ἐσθλά

154 3011 290 3094 αἰτίζων
311 3008 373 3078 ἀνά
396 3013 508 3101 δῆμον.
554 3005 637 3092 ἀτάρ
659 3007 812 3098 ἐρίτηρας
833 3005 985 3097 ἑταίρους

154 3111 256 3183 ἀίλεσε
278 3115 335 3181 καὶ
356 3115 416 3202 νῆα
436 3110 606 3200 ολαφυρήν
628 3107 676 3176 ἐνί
696 3107 833 3176 τοίνοπι
855 3109 982 3200 πόντῳ,

102 3245 140 3288 σε
156 3213 335 3306 Θρινακίης
357 3211 426 3282 ἀπο
447 3213 545 3304 νήσου
568 3209 641 3279 ίιύν·
666 3206 828 3279 ὀδύσαντο
848 3213 910 3299 τδρ
934 3211 1023 3300 αύτῷ

153 3319 239 3399 Ζεύς
258 3343 295 3386 τε
316 3319 374 3386 καί
394 3313 538 3394 Ἠέλιος·
561 3314 620 3380 τοῦ
639 3313 703 3398 [ἀρ
725 3311 809 3398 βόας
832 3309 928 3380 έκταν
951 3312 1086 3401 ἑταῖροι.

154 3417 191 3490 οῗ
209 3420 269 3504 μὲν
290 3419 413 3498 πάντες
436 3413 552 3484 όλοντο
574 3411 788 3501 πολυκλύστῳ
811 3411 859 3480 ἐνὶ
882 3412 1008 3502 πόντῳ·

153 3522 212 3589 τὸν
234 3517 266 3587 δ’
289 3515 341 3607 ἀρ’
365 3515 424 3585 ἐπὶ
446 3515 591 3606 τρόπιος
611 3513 684 3593 νεὸς
705 3509 824 3598 ἔκβαλε
845 3511 922 3598 κῦμ’
944 3514 1005 3583 ἐπὶ
1025 3513 1156 3606 χέρσου,
1176 3579 1178 3586 ,

158 3621 318 3710 Φαιήκων
338 3617 372 3698 ἐς
392 3625 504 3700 ναῖαν,
528 3614 563 3686 οἳ
581 3612 738 3700 ἀτχίθεοι
758 3614 930 3697 τειάασιν,

102 3755 141 3796 τεο
156 3719 193 3792 οἳ
214 3723 254 3812 δή
275 3747 334 3808 μιν
355 3720 434 3809 περὶ
455 3722 532 3810 κῆρι
555 3719 636 3786 θεὸν
657 3712 705 3796 δίς
725 3716 907 3806 τιμήσαντο

154 3822 213 3892 καί
233 3849 290 3892 τοι
312 3823 421 3890 πολλοὶ
444 3821 560 3902 δόσαν,
583 3818 732 3904 πέμπειν
753 3819 790 3887 τέ
809 3846 868 3904 μιν
888 3815 1012 3909 ῆθελον
1035 3815 1130 3888 αύτοί

153 3922 287 3995 τυίκαδ
311 3921 513 4048 ἀπήμαντον.
558 3919 616 3990 καί
637 3946 692 3989 κεν
715 3918 823 3988 πάλαι
845 3919 963 3988 ἐνθάδ’
984 3918 1157 3996 Ὀδυσσεύς

155 4024 230 4119 ῆην·
253 4022 365 4094 ἀλλ”
350 4023 414 4112 άρα
435 4051 493 4096 τοι
513 4022 554 4092 τύ
575 4049 613 4090 τε
634 4020 815 4111 κέρδιον’
788 4019 903 4089 εύσατο
925 4022 1042 4106 θυμῷ,

155 4127 301 4256 χρήματ
285 4124 513 4214 ’ἀνυρτάζειν
534 4126 661 4213 πολλήν
683 4123 742 4192 ἐπὶ
762 4127 860 4190 ναῖον
883 4119 982 4200 ιόντι,

103 4261 141 4302 ωε
157 4230 202 4311 τίς
223 4255 303 4319 περι
293 4227 443 4318 κέρδεα
465 4225 575 4294 πολλά
597 4223 812 4348 καταθνητων
834 4218 1023 4311 ἀνθρώπων

155 4329 245 4402 παῖδ’
264 4327 432 4413 Ὀδυσεύς,
457 4325 567 4397 οὐδ”
553 4324 592 4395 άν
614 4350 665 4404 τις
686 4321 846 4412 ἐρίσσειεν
867 4322 986 4410 βροτὸς
1008 4317 1114 4402 ἀλλος.

157 4423 202 4514 ὧς
223 4459 284 4518 μοι
310 4435 518 4521 Θεσπρωτων
538 4427 696 4518 βασιλεύς
717 4425 896 4516 μυθήσατο
921 4423 1065 4493 Φείδων
