3014 5236
299 357 363 422 176
662 359 703 407 14.
740 353 1031 426 οΔυεεειεεὶτ.

258 539 284 581 ιε
297 512 372 591 τούς
393 509 453 596 μὲν
475 507 661 598 ὁμοκλήσας
682 512 774 578 σεῦεν
795 510 892 590 κόνας
914 506 1049 589 ἀλλυδις
1070 504 1171 578 ἀλλον

297 615 457 706 πυκνῇσιν
478 610 692 680 λιθάδεσσιν·
716 607 737 680 ὁ
760 613 798 682 δέ
819 612 1023 701 προσέεειπε
1042 611 1190 680 εάνακτα

292 709 347 783 αιὸ
365 717 472 805 τέρον,
494 705 516 805 ἦ
539 710 651 782 ἀλίτου
673 738 712 783 σε
732 714 825 796 κόνες
847 714 1083 806 διεδηλήσαντο

296 814 466 907 ἐξαπίνης,
489 814 548 882 καί
568 816 624 886 κέν
643 842 702 902 μοι
724 815 888 907 έλετχείην
908 817 1091 900 κατέχευας.

296 920 355 987 καί
378 919 415 988 δέ
434 944 496 1004 μοι
518 913 602 986 ἀλλα
623 919 703 987 θεοί
726 918 829 987 δόσαν
850 917 951 987 ἀλσεά
972 944 1009 986 τε
1031 917 1190 1002 στοναχάς
1210 945 1261 987 τε·

255 1050 283 1092 ιο
296 1017 453 1089 ἀντιθέου
474 1015 538 1107 ίάρ
560 1015 699 1100 άνακτος
721 1018 916 1110 ὀδυρόμενος
936 1022 995 1090 καὶ
1016 1018 1141 1104 ἀχεόων

296 1116 395 1214 ἧμαι,
418 1119 569 1192 ἀλλσισιν
591 1122 629 1190 δέ
651 1122 732 1203 σύας
752 1123 891 1204 σιάλους
911 1120 1075 1192 ἀτιτάλλω

296 1223 446 1312 έδμεναι·
469 1222 570 1314 αὐτάρ
593 1229 699 1305 κεῖνος
721 1223 930 1310 έτελδόμενός
951 1248 1019 1292 που
1042 1224 1168 1314 ἐδωδῆς

297 1324 435 1409 πλάζετ’
457 1325 512 1396 ἐπ’
537 1324 732 1418 ἀλλοθρόων
753 1323 880 1417 ἀνδρῶν
902 1327 1006 1415 δῆμόν
1026 1352 1063 1394 τε
1085 1326 1186 1393 πόλιν
1206 1351 1255 1410 τε,

298 1427 334 1497 εἷ’
351 1453 419 1496 που
442 1426 492 1496 ἔτι
516 1428 593 1510 ζιόει
616 1429 673 1496 καί
696 1425 759 1520 ὁρᾷ
781 1429 869 1520 φάος
888 1426 1026 1520 ήελίοιο.

255 1559 283 1604 ιε
297 1526 365 1598 ἀλλ’
388 1529 484 1614 ἕπεο,
507 1527 671 1621 κλισίηνδ’
695 1528 803 1617 ίόμεν,
825 1530 932 1620 τέρον,
955 1527 1045 1622 όφρα
1066 1530 1125 1598 καί
1147 1526 1259 1613 αάτός,

296 1630 390 1701 σίτου
412 1632 470 1700 καί
491 1631 620 1701 εοίνοιο
641 1634 880 1723 κορεσσάμενος
900 1636 987 1701 κατὰ
1008 1633 1130 1719 θυμόν,

295 1732 417 1825 εείπης
438 1731 597 1803 ὁππόθεν
618 1734 692 1803 ἐσσί
712 1735 771 1802 καί
793 1733 933 1803 ὁππόσα
954 1731 1045 1823 κήδε’
1068 1730 1228 1824 ἀνέτλης.”

338 1829 384 1919 ιὸς
404 1838 533 1906 εειπιδν
553 1835 716 1927 κλισίηνδ’
736 1835 882 1928 ήτήσατο
904 1839 977 1918 δῖος
997 1835 1154 1928 ὑφορβός,

297 1933 384 2009 εἷσεν
405 1938 436 2008 δ’
460 1938 655 2022 είσατατιόν,
679 1942 795 2029 ῥῶπας
817 1937 849 2007 δ’
870 1937 1009 2025 ὁπέχευε
1030 1937 1180 2022 δασείας,
1212 1987 1216 1996 ·

256 2075 283 2117 ω
297 2043 466 2134 ἐστόρεσεν
487 2040 517 2110 δ’
540 2042 600 2110 ἐπὶ
622 2040 725 2132 δέρμα
745 2042 927 2123 ειονθάδος
949 2038 1065 2130 ἀτρίου
1088 2039 1197 2123 αἶτός,

297 2142 397 2212 αάτοῦ
419 2144 596 2222 ἐνεύναιον,
618 2142 782 2229 μέταρκαί
805 2143 898 2212 δασό.
941 2149 1035 2231 χαῖρε
1057 2141 1087 2211 δ’
1107 2139 1281 2222 Ὀδυσσεύς

298 2244 372 2313 όττι
393 2271 452 2332 μιν
474 2236 520 2325 ιὸς
540 2242 717 2327 ὁπέδεκτο,
740 2245 844 2327 εέπος
864 2244 895 2313 τ’
919 2243 1017 2336 ἔφατ’
1040 2244 1076 2314 ι’έκ
1097 2243 1127 2313 τ’
1150 2242 1311 2332 ὀνόμαζεν.

292 2345 403 2428 ι(Ζεύς
423 2372 479 2414 τοι
501 2345 576 2436 δοίη
599 2347 682 2427 ξεῖνε
703 2349 761 2414 καί
783 2345 950 2416 ἀθάνατοι
972 2349 1051 2417 θεοί
1074 2344 1170 2416 ἀλλοι

297 2448 371 2518 ὅττι
392 2446 527 2536 μάλιστ’
548 2449 694 2532 ἐθέλεις,
717 2447 770 2517 ὁτι
791 2475 834 2535 με
854 2449 1013 2541 πρόφρων
1033 2446 1204 2531 ὁπέδεξο.”

256 2584 283 2627 ⁶⁶
338 2553 396 2620 τὸν
418 2549 454 2620 δ’
476 2549 746 2639 ἀπαμειβόμενος
767 2551 951 2643 προσέφης,
971 2549 1105 2638 Ἐόμαιε
1127 2553 1269 2638 συβῶτα,

292 2652 403 2737 “ξεῖν’,
427 2651 466 2722 οδ
485 2679 546 2740 μοι
566 2654 672 2739 θέμις
694 2650 772 2737 ἔστ’,
796 2651 868 2722 οὐδ’
889 2653 920 2722 εί
942 2653 1065 2722 κακίων
1086 2653 1186 2722 σέθεν
1208 2649 1315 2732 ἔλθοι,

296 2757 400 2837 ξεῖνον
422 2753 599 2844 ἀτιμῆσαι·
623 2756 709 2843 πρός
729 2758 792 2844 τδρ
814 2754 902 2836 Διός
923 2754 1007 2824 εἰσιν
1028 2755 1174 2836 άπαντες

298 2854 399 2939 ξεῖνοί
419 2881 455 2924 τε
477 2855 606 2940 πτωχοί
626 2883 669 2925 τε.
715 2857 810 2940 δόσις
832 2856 863 2926 δ’
887 2856 979 2950 ὁλίτη
1002 2885 1039 2927 τε
1060 2857 1140 2950 φίλη
1163 2883 1199 2925 τε

296 2958 446 3028 τίτνεται
468 2955 622 3048 ἡμετέρη·
643 2953 666 3048 ή
687 2959 749 3048 τάρ
773 2959 893 3046 δμιόων
915 2959 991 3051 δίκη
1014 2958 1116 3040 ἐστίν,

257 3094 283 3136 ει
298 3059 365 3129 αἰεί
388 3059 562 3129 δειδιότων
584 3057 634 3128 δυ’
658 3061 880 3151 έπικρατέωσι
900 3061 1060 3143 τάνακτες

297 3160 329 3231 οἱ
352 3161 431 3231 νέοι.
474 3157 496 3253 ή
516 3163 578 3253 τάρ
599 3165 658 3231 τοῦ
678 3189 716 3232 τε
737 3165 817 3233 θεοί
837 3167 923 3232 κατά
944 3164 1057 3234 νόστον
1082 3160 1216 3255 έδησαν,

296 3262 333 3345 ός
354 3290 408 3333 κεν
430 3262 484 3352 ἔμ’
506 3264 664 3346 ἐνδυκέως
685 3265 796 3356 ἐφίλει
817 3267 876 3334 καί
896 3269 1013 3356 κτῆσιν
1035 3263 1194 3348 ὄπασσεν,

295 3359 353 3436 οἷά
374 3392 410 3435 τε
431 3369 481 3457 τῷ
502 3370 616 3457 εοικῆι
637 3366 743 3449 εόναξ
762 3368 910 3454 έόθυμος
932 3367 1064 3450 έδωκεν,

295 3468 409 3537 εοῖκόν
428 3495 465 3536 τε
487 3469 606 3560 κλήρόν
627 3495 664 3538 τε
684 3468 915 3560 πολυμνήστην
935 3494 971 3536 τε
992 3476 1144 3553 τυναῖκα,

256 3602 282 3644 ιε
298 3567 336 3650 ός
355 3595 412 3638 τοι
433 3572 541 3637 πολλὰ
562 3571 703 3662 κάμῃσι,
725 3573 807 3653 θεὸς
829 3570 862 3639 δ’
883 3571 944 3639 ἐπί
964 3571 1081 3659 εέρτον
1103 3570 1197 3662 ἀέξῃ,

296 3669 341 3752 ιὸς
361 3672 420 3739 καί
441 3671 515 3758 ὁμοί
535 3673 615 3741 τόδε
635 3675 752 3761 πέρι-ον
774 3671 904 3756 ἀέξεται
928 3667 956 3762 ᾧ
978 3672 1155 3760 ἐπιμίμνω.

295 3775 345 3863 τῷ
367 3772 406 3842 κέ
425 3799 468 3860 με
489 3773 583 3843 πόλλ’
607 3771 710 3866 δίνησε
730 3775 848 3858 εάναξ,
872 3773 902 3843 εί
924 3771 1045 3843 αὐτόθ’
1069 3774 1180 3865 έκήρα.

297 3873 366 3944 ἀλλ’
389 3873 493 3945 όλεθ’.
538 3873 585 3958 ιὸς
606 3873 721 3968 ὤφελλ’
741 3876 869 3967 Ἑλένης
891 3872 962 3944 ἀπὸ
985 3878 1088 3968 φῦλον
1111 3875 1251 3944 ὀλέσθαι

296 3978 436 4071 πρόχνυ,
459 3979 534 4048 ἐπεὶ
556 3983 699 4068 πολλῶν,
711 3977 836 4068 ἀνδρῶν
857 3976 925 4047 ὁπδ
946 3976 1076 4046 τοόνατ’
1100 3975 1227 4046 ἔλυσεν·

256 4084 355 4156 τεκαὶ
375 4085 438 4174 τδρ
460 4089 567 4164 κεῖνος
588 4081 647 4173 έβη
673 4080 913 4168 ’όταμέμνονος
935 4085 1042 4150 εἵνεκα
1062 4084 1161 4171 τιμῆς

297 4182 412 4252 Βίλιον
434 4183 483 4264 είς
504 4185 669 4268 έόπωλον,
693 4188 748 4253 λ’να
774 4183 924 4273 Τριόεσσι
945 4181 1114 4270 μάχοιτο.”

339 4275 385 4366 ὦς
405 4288 531 4354 εειπιὸν
554 4289 696 4378 ζωστῆρι
717 4290 813 4368 θοῶς
835 4287 1003 4379 συνέεερτε
1023 4288 1159 4370 χιτῶνα,

294 4388 339 4477 βή
361 4386 393 4454 δ’
416 4384 492 4473 λ’μεν
512 4387 547 4466 ές
567 4389 722 4480 συφεούς,
746 4387 808 4458 ὁθι
828 4389 953 4458 τέθνεα
973 4390 1113 4480 εέρχατο
1133 4387 1259 4477 χοίρων.

295 4483 391 4556 ἔνθεν
412 4486 495 4558 ὁλιδν
517 4485 567 4556 δέ’
591 4487 707 4572 ἔνεικε,
730 4491 789 4558 καὶ
812 4486 1019 4582 ἀμφοτέρους
1041 4490 1195 4582 ἱέρευσεν,
