3032 5242
546 339 570 388 θ.
609 336 891 394 ΟΔΤΣΣΕΙΛΣΓ

119 491 121 496 ’
161 486 293 568 κτείνας
313 485 501 580 Ἀτρεΐδην,
524 489 669 581 δέδμητο
692 491 729 560 δέ
750 495 830 575 λαός
850 494 910 562 ὑπ’
934 496 1032 590 αὐτῷ.

103 617 146 660 ωε
161 586 343 671 έπτάτετες
362 589 505 681 εήνασοε
527 592 752 681 πολυχρύσοιο
773 597 948 688 Μυκήνης·

161 693 212 780 τῷ
234 691 274 760 δέ
293 719 351 761 τοι
373 691 526 783 διδοάτφ
549 696 652 764 κακόν
672 692 779 786 ἤλυθε
802 701 886 780 δῖος
899 698 1050 794 Ὀρέστης

161 789 216 882 δίψ
239 790 302 860 ἄπ’
325 791 514 886 Ἀθηνάων,
537 796 623 864 κατὰ
646 795 683 865 δὲ
703 797 800 866 κτάνε
822 807 1054 894 πατροφονῆα,

160 893 340 965 Αίιισθον
362 896 552 988 δολόμητιν,
576 897 672 966 ὅσοι
693 899 823 989 πατέρα
843 903 959 972 κλυτὸν
980 903 1067 975 ἔκτα.

160 989 183 1086 ἦ
204 1021 259 1065 τοι
281 993 300 1064 ὃ
322 999 378 1066 τόν
399 997 528 1080 κτείνας
550 997 643 1068 δαίνυ
664 999 771 1091 τάφον
793 1000 996 1093 Ἀρτείοισιν

103 1125 145 1166 υιο
159 1097 284 1190 μητρός
305 1125 342 1168 τε
364 1102 519 1191 στυνερής
540 1102 599 1170 καί
622 1099 801 1183 άνάλκιδος
821 1104 1032 1178 Αίιίσθοίο·

160 1199 312 1291 αὐτῆμαρ
335 1202 374 1270 δέ
391 1209 448 1270 τοι
469 1197 556 1293 ἦλθε
576 1205 660 1293 βοήν
681 1200 815 1287 δταθδς
836 1208 1019 1293 Μενέλαος,

158 1305 267 1371 πολλοὶ
289 1303 428 1394 κτήματ’
451 1301 551 1387 λίνων,
576 1302 641 1373 ὅσα
661 1330 718 1400 {99
739 1306 808 1387 νέες
829 1305 937 1391 δι’χθος
958 1307 1082 1404 διέιραν.

158 1407 217 1474 καί
238 1407 279 1474 σδ
302 1405 401 1499 φίλος
421 1409 466 1497 μή
490 1409 584 1498 δηθά
607 1408 716 1494 δόμων
738 1405 808 1477 όπο
830 1409 903 1500 τῆλ>
926 1409 1088 1505 άλάλησο,

158 1508 311 1599 κτήματά
332 1534 369 1577 τε
390 1511 565 1598 προλιπών
588 1506 709 1600 δι’νδρας
730 1507 762 1576 τ’
784 1511 818 1580 ἐν
840 1519 931 1582 σοῖσι
954 1514 1110 1602 δόμοισιν

102 1639 144 1680 315
159 1607 246 1678 οὕτω
267 1609 507 1702 ὑπερφιάλους,
529 1610 576 1701 μή
597 1637 652 1680 τοι
673 1613 758 1680 κατά
780 1613 892 1702 πάντα
913 1615 1065 1707 φάγωσιν

158 1710 313 1802 κτήματα
333 1713 551 1799 δασσάμενοι,
576 1714 615 1781 σε)
638 1715 675 1782 δέ
695 1713 830 1805 τηϋσίην
852 1714 932 1786 ὁδὸν
954 1715 1068 1810 ἔλθῃς.

159 1810 233 1880 ἀλλ’
256 1813 290 1894 ἒς
310 1814 370 1900 μίν
392 1815 563 1883 Μενέλαον
584 1813 649 1883 ἐπιδ
670 1815 808 1901 κέλομαι
830 1820 887 1885 καί
911 1817 1022 1888 ἔνων-α

158 1915 284 1984 ἐλθεῖν·
306 1921 412 1996 κεῖνος
432 1917 495 2004 τδρ
517 1919 589 1986 νέον
611 1914 753 1986 δίλλοθεν
775 1916 982 2009 εἰλήλουθεν,

158 2016 195 2085 ἐκ
215 2023 280 2084 τῶν
303 2013 494 2108 ἀνθρώπων
516 2017 599 2086 ὅθεν
621 2015 658 2088 οὐ
680 2019 841 2090 εέλποιτό
862 2048 900 2089 τε
921 2027 1022 2114 θυμῷ

103 2146 144 2185 υνο
158 2119 270 2188 ἐλθεῖν
292 2116 328 2187 όν
349 2145 424 2187 τινα
446 2127 578 2209 πρῶτον
600 2117 843 2211 ἀποσφήλωσιν
865 2119 980 2192 δίελλαι

156 2221 191 2302 ές
211 2221 358 2302 πέλανος
378 2221 464 2309 μένα
484 2227 588 2304 τοῖον,
613 2222 696 2292 ὅθεν
716 2225 755 2293 τέ
776 2248 840 2313 περ
863 2221 934 2293 οὐδ’
959 2223 1071 2296 οἰωνοί

156 2321 328 2404 αίτότετες
349 2321 521 2407 οἰχνεῦσιν,
544 2324 622 2394 έπεί
641 2323 727 2412 μένα
747 2348 784 2394 τε
807 2327 914 2395 δεινόν
934 2353 978 2396 τε.

156 2422 230 2492 ἀλλ’
252 2423 312 2493 λ’θι
333 2428 395 2494 νῦν,
409 2427 464 2508 ξίν
484 2426 538 2518 νηί
558 2453 594 2494 τε
615 2430 658 2518 σῇ
679 2429 738 2496 καὶ
760 2433 833 2509 σοῖς
854 2424 1035 2517 ἑτάροισιν·

157 2525 187 2595 εί
210 2525 241 2594 δ’
265 2527 398 2608 ἐθέλεις
418 2529 533 2612 πεζός,
556 2529 650 2616 πάρα
671 2555 724 2598 τοι
747 2528 867 2619 δίφρος
887 2555 923 2596 τε
945 2531 1002 2597 καί
1024 2534 1143 2612 ἵπποι,

100 2653 142 2694 ιιι
155 2629 227 2716 πάρ
250 2628 289 2697 δέ
310 2654 364 2698 τοι
385 2621 454 2710 υἷες
475 2629 565 2715 ε’μοί,
589 2634 625 2701 οἵ
644 2656 700 2699 τοι
721 2636 880 2720 πομπῆες
901 2629 1033 2699 ἔσονται

154 2728 188 2812 ἔς
209 2730 454 2817 Λακεδαίμονα
476 2735 563 2815 δῖαν,
586 2731 650 2801 ὅθι
672 2732 795 2814 ξανθὸς
815 2733 996 2815 Μενέλαος.
1072 2807 1082 2830 ρ

153 2832 336 2900 λίσσεσθαι
359 2833 398 2902 δέ
416 2860 475 2919 μιν
497 2832 597 2902 αὐτόν
618 2836 672 2909 ἵνα
693 2833 846 2925 νημερτές
868 2833 996 2926 ίνίσπη.

152 2935 279 3024 ψεῦδος
302 2931 334 3001 δ>
356 2931 394 3002 οδ
415 2935 536 3024 τερέει·
558 2935 650 3021 μάλα
670 2937 733 3024 κάρ
755 2936 963 3022 πεπνυμένος
984 2935 1104 3007 ἔστίν.”

196 3027 241 3115 ὥς
262 3031 375 3125 ἔφατ’,
400 3032 514 3126 η’έλιος
536 3035 568 3104 δ’
591 3033 645 3127 ἄρ’
668 3033 726 3106 ἔδυ
747 3038 805 3106 καί
827 3037 887 3106 ἐπὶ
909 3035 1163 3131 κνέφαςήλθεν.

101 3141 243 3206 ωοτοῖσι
266 3137 302 3206 δὲ
324 3137 382 3205 καί
403 3137 580 3222 μιτέτειπε
601 3140 669 3207 θεά
690 3139 882 3220 Γλαυκῶπις
901 3137 1029 3230 Ἀθήνη

147 3232 200 3304 “ὦ
220 3237 329 3328 τέρον,
351 3233 373 3327 ἦ
394 3264 449 3310 τοι
471 3241 579 3307 ταῦτα’
598 3240 681 3308 κατὰ
701 3245 821 3329 μοῖραν
842 3242 1033 3323 κατέλεξας·
1088 3325 1090 3329 ι

152 3336 226 3408 ἀλλ’
248 3337 309 3408 δίκε
329 3340 466 3426 τάμνετε
486 3342 547 3428 μὲν
567 3340 720 3421 νλυίσσας
740 3341 909 3430 κεράασθε
932 3343 969 3411 δέ
990 3347 1111 3426 εοῖνον,

152 3439 241 3535 όφρα
262 3442 477 3512 Ποσειδάωνι
497 3444 556 3512 καί
578 3440 690 3524 άλλοις
711 3441 934 3512 άθανάτοισιν

152 3547 349 3626 σπείσαντες
369 3544 500 3614 κοίτοιο
521 3545 717 3631 μεδώμεθα·
739 3549 811 3614 τοῖο
831 3546 894 3636 τδρ
917 3545 992 3636 ὥρη.

101 3665 138 3704 ³³⁵
151 3642 214 3737 ήδη
236 3648 300 3735 πάρ
322 3646 410 3738 φάος
432 3643 543 3729 οἴχεθ’
565 3643 634 3714 ὑπὸ
655 3645 773 3737 ζόφον,
798 3643 1045 3719 οὐδέτέτοικεν

153 3750 246 3838 δηθὰ
266 3751 358 3817 θεῶν
379 3748 414 3817 έν
436 3750 528 3817 δαιτί
549 3747 754 3834 θαασσέμεν,
779 3745 861 3816 ἀλλὰ
882 3748 1048 3819 νέεσθαι.”

193 3844 215 3938 ἦ
237 3854 279 3938 ῥα
301 3849 388 3930 Διὸς
409 3848 572 3940 θυιάτηρ,
594 3851 649 3918 τοί
671 3849 708 3918 δέ
729 3849 827 3918 κλύον
849 3847 1058 3944 αὐδησάσης,

150 3956 239 4020 τοῖσι
262 3950 300 4018 δὲ
320 3950 457 4043 κήρυκες
478 3953 538 4038 μὲν
559 3951 647 4041 ὕδωρ
670 3950 730 4021 ἐπί
751 3958 860 4043 χεῖρας
882 3951 1006 4037 ἔχευαν,

150 4053 265 4141 κοῦροι
287 4053 325 4122 δὲ
346 4056 509 4145 κρητῆρας
530 4051 759 4146 ἐπεστέψαντο
781 4060 914 4138 ποτοῖο,
1044 4042 1053 4059 ’

100 4171 138 4210 ³⁴⁰
150 4155 305 4246 νώμησαν
327 4153 360 4224 δ’
384 4153 448 4243 δίρα
470 4158 576 4225 πᾶσιν
597 4155 821 4245 ἐπαρξάμενοι
844 4150 1039 4227 δεπάεσσιν·

151 4256 304 4339 τλαίσσας
325 4254 357 4325 δ’
379 4255 413 4326 ἔν
435 4259 517 4350 πυρί
538 4257 673 4347 βάλλον,
698 4254 909 4343 ἀνιστάμενοι
932 4258 965 4335 δ’
988 4261 1168 4349 ἐπέλειβον.

153 4355 255 4450 αὐτὰρ
278 4359 354 4428 ἐπεί
376 4361 518 4432 σπεῖσάν
538 4387 575 4429 τε
596 4357 676 4428 πίον
697 4356 738 4427 θ’
761 4356 840 4429 ὅσον
860 4358 961 4450 ἤθελε
983 4363 1105 4450 θυμός,

154 4461 193 4550 δή
215 4458 287 4529 τότ’
310 4459 474 4554 Ἀθηναίη
497 4466 555 4533 καί
582 4462 770 4553 Τηλέμαχος
794 4464 969 4554 θεοτειδής
1040 4533 1042 4538 ,
