3044 5232
293 333 356 400 196
655 325 698 376 ιο.
735 319 987 374 mmm
1006 319 1032 368 o

236 513 276 553 κιο
333 481 452 553 δύσετό
472 505 492 548 τ
492 475 634 568 ἠ’έλιος
656 473 819 543 σκιόωντό
839 497 875 539 τε
897 473 1008 538 πᾶσαι
1032 466 1162 552 δνιιαί,

288 582 370 678 ῆδέ
392 585 480 663 Φεὰς
502 579 684 665 ἐπέβαλλεν
705 573 904 662 ἐπεινομένη
929 572 1016 651 Διός
1037 567 1138 659 οὑρφ,

289 623 349 778 ήδέ
370 681 452 770 παρ’
472 680 601 748 Ἤλιδα
624 681 713 760 δῖαν,
737 674 800 745 ὅθι
821 673 1013 762 κρατέουσιν
1032 668 1173 741 Ἐπειοί.

290 788 386 858 ἐνθεν
409 783 443 853 δ’
467 811 507 852 αν
493 777 680 872 νήσοισιν
700 777 907 903 ἐπιπροέηκε
926 776 1063 864 θοῆσιν,

237 918 277 958 ιιο
291 887 453 977 ὁρμαίνων
475 883 498 976 ῆ
518 909 572 951 κεν
593 882 742 950 θάνατον
763 879 865 968 φύεοι
886 903 906 967 η
930 901 984 944 κεν
1006 874 1105 965 ἆληίη.

331 992 377 1058 τιδ
401 982 497 1056 δ’
456 1012 517 1055 αυτ
554 985 588 1052 ἐν
609 981 720 1072 κλισίη
740 978 893 1064 Ὀδυσεύς
914 979 972 1045 καὶ
995 980 1066 1057 δῖος
1087 975 1235 1068 ὑφορβός

291 1090 471 1181 δορπήτην·
494 1087 587 1212 παρὰ
610 1084 649 1152 δέ
670 1109 750 1208 σφιν
772 1078 976 1172 ἐδόρπεον’
956 1081 1066 1166 ανέρες
1087 1076 1191 1148 δίλλοι.

291 1192 394 1282 αύτάρ
417 1190 492 1260 ἐπεὶ
515 1188 638 1267 πύσιος
658 1212 716 1254 και
707 1184 875 1275 ἐδητύος
896 1179 974 1265 ἐξ”
952 1207 1026 1272 ερον
1049 1182 1134 1264 ἕντο,

291 1300 362 1373 τοῖς
384 1290 417 1359 δ’
439 1289 590 1368 Ὀδυσεύς
611 1287 800 1373 μετέεειπε,
822 1284 977 1372 συβώτεω
999 1281 1212 1373 πειρητίζων,

240 1391 316 1485 ιοεῆ
336 1419 395 1478 μιν
417 1389 453 1458 ἐτ
455 1389 647 1467 ἐνδυκέως
668 1386 788 1512 φιλέοι
803 1384 914 1472 μεῖναί
935 1411 972 1452 τε
993 1384 1120 1452 κελεύοι

294 1491 392 1562 αύτου
377 1492 464 1560 ἐνὶ
485 1493 644 1578 σταθμῷ,
668 1482 690 1579 ή
713 1486 855 1577 ὀτρύνειε
877 1487 1026 1556 πόλινδε.

288 1594 511 1663 “κέκλυθι
475 1619 541 1674 νυν,
562 1589 697 1676 Ἐύμαιε
718 1617 776 1658 και
766 1587 893 1658 δίλλοι
915 1588 1037 1668 πάντες
1058 1586 1192 1677 ἑταῖροι.

293 1694 405 1786 ἠῶθεν
427 1697 528 1784 προτὶ
550 1691 653 1760 νόστυ
675 1689 852 1777 λιλαίομαι
874 1688 1085 1758 ἀπονέεσθαι

294 1795 505 1880 πτωχεύσων,
527 1793 649 1883 ἵναμή
672 1818 709 1860 σε
730 1792 921 1880 κατατρύχω
944 1792 1001 1858 καί
1024 1788 1183 1878 ἑταίρους.

241 1931 281 1970 ιιι
295 1895 378 1967 ἄλλό
399 1923 459 1984 μοι
482 1889 517 1964 εὑ
538 1893 578 1963 θ’
601 1893 747 1976 ὑπόθευ,
770 1895 829 1962 καί
852 1891 911 1980 ἅμ’
934 1889 1070 1982 ήνεμόν’“
1089 1893 1212 1962 ἐσθλόν
1234 1891 1392 1976 όπασσον,

294 1999 332 2080 ός
354 2000 391 2068 κέ
410 2025 451 2085 με
472 1994 555 2065 κεῖσ)
579 1994 700 2086 ἀνείπη·
722 1998 808 2064 κατὰ
831 1995 869 2062 δέ
891 1993 1011 2062 πτόλιν
1033 1991 1131 2074 αὑτός
1153 1991 1278 2087 ἀνοία-κη

294 2100 502 2184 πλάνξομαι,
525 2095 561 2166 εἴ
578 2098 632 2166 κέν
652 2123 703 2178 τις
725 2097 862 2188 κοτύλην
882 2096 940 2164 καί
963 2095 1084 2182 πύρνον
1107 2093 1213 2186 ὀρέξῃ.

296 2200 354 2268 καί
374 2199 406 2266 κ’
429 2199 537 2268 ἐλθών
559 2201 643 2287 πρὸς
665 2197 793 2285 δώματ’
811 2199 992 2289 Ὀδυσσῆος
1013 2196 1126 2269 θείοιο

297 2299 449 2390 ύννελίην
469 2298 625 2386 νείποιμι
646 2299 824 2392 περίφρων
845 2299 1068 2392 Πηνελοπείῃ,

242 2435 282 2476 ιιε
298 2402 355 2472 καί
374 2428 412 2470 κε
432 2403 669 2492 μνηστήρεσσιν
690 2399 930 2493 ὑπερφιάλοισι
951 2401 1095 2491 μινείην,

297 2503 332 2574 εί
349 2529 409 2590 μοι
431 2506 565 2571 δεῖπνον
587 2506 675 2572 δοῖεν
696 2499 831 2572 όνείατα
853 2501 942 2594 μυρί’
963 2500 1099 2586 ἔχοντες.

297 2600 387 2696 αἶψά
409 2631 464 2672 κεν
486 2595 521 2672 εὑ
544 2604 684 2691 δριόοιμι
704 2606 788 2691 μετὰ
811 2604 940 2695 σφίσιν,
964 2601 1034 2672 ὅντ’
1057 2604 1215 2674 ἐθέλοιεν.

297 2708 334 2775 ἐκ
354 2707 418 2796 τοίρ
439 2731 492 2772 τοι
514 2705 630 2793 εερέω,
653 2710 692 2774 σύ
716 2707 754 2774 δέ
777 2707 900 2776 σύνθεο
920 2705 978 2774 καί
998 2732 1060 2792 μευ
1082 2701 1238 2775 ἄκουσον·

294 2806 450 2898 Ἑρμείαο
469 2808 584 2894 εέιιητι
607 2809 796 2897 διακτόρου,
820 2807 856 2890 ὃς
878 2808 920 2897 ῥά
940 2834 977 2876 τε
999 2807 1133 2876 πάντων

245 2939 285 2978 ιυο
298 2905 488 2996 δνθριύπων
508 2906 655 2996 στέρνοισι
676 2908 770 2997 χάριν
790 2911 848 2977 καὶ
869 2911 968 2990 κῦδος
991 2907 1127 2992 δπόζει,

300 3009 500 3101 δρηστοσύνῃ
524 3005 582 3076 οὑκ
605 3004 644 3076 όίν
665 3033 725 3095 μοι
747 3009 906 3097 ἐρίσσειεν
927 3014 1048 3100 βροτός
1069 3008 1179 3095 δίλλυς,

298 3114 365 3202 πῦρ
386 3107 417 3176 τ’
440 3103 475 3177 εὑ
497 3111 628 3198 νηῆσαι,
653 3107 711 3176 διοί
732 3135 769 3176 τε
791 3109 870 3192 ξύλα
892 3114 975 3180 δανὰ
995 3113 1150 3197 κεάσσαι,

300 3211 492 3301 δαιτρεῦσαί
512 3237 549 3278 τε
570 3210 627 3278 καὶ
650 3207 797 3300 ὀπτῆσαι
818 3213 876 3280 καί
897 3218 1123 3306 εοινοχοῆσαι,

298 3307 354 3382 οἶά
375 3340 411 3382 τε
431 3321 503 3394 τοῖς
525 3310 689 3380 ἅναθοῖσι
713 3313 939 3404 παραδρώωσι
960 3315 1097 3407 χέρηες.”

246 3446 286 3486 ιιε
341 3418 397 3484 τδν
419 3417 456 3486 δέ
476 3413 550 3502 μέν’
573 3412 723 3542 ὀχθήσας
745 3416 928 3508 προσέφης,
948 3414 1083 3505 Ἐύμαιε
1104 3422 1251 3507 συβῶτα,

293 3511 349 3582 “δί
369 3541 441 3600 μοι,
465 3518 559 3599 ξεῖνε,
582 3515 616 3583 τί
636 3510 658 3606 ῆ
679 3542 732 3583 τοι
755 3517 803 3584 ἐνί
826 3519 924 3608 φρεσὶ
946 3522 1042 3588 τοῦτο
1065 3521 1171 3613 νόημα

299 3611 477 3698 ἐπλετος
457 3643 476 3706 η
500 3618 539 3685 σύ
561 3643 599 3684 νε
619 3616 730 3699 ποίνχυ
752 3618 896 3686 λιλαίεαι
918 3616 1037 3688 αὐτόθ’
1061 3619 1220 3707 ὀλέσθαι,

300 3717 329 3786 εί
352 3720 393 3808 δη
415 3718 605 3808 μνηστήρων
626 3718 757 3799 ἐθέλεις
778 3723 960 3788 καταδῦναι
983 3720 1111 3808 ὅμιλον,

297 3821 362 3888 τῶν
382 3817 478 3912 ὑβρις
498 3845 535 3886 τε
556 3818 613 3910 βίη
635 3846 671 3887 τε
693 3821 850 3911 σιδήρεον
867 3811 1099 3912 οὐρανόν-ἵκει.

245 3950 284 3988 ιιι
299 3920 338 3990 ού
358 3948 412 3991 τοι
435 3918 559 3992 τοιοίδ’
581 3920 664 3991 εἰσὶν
686 3921 931 4015 ὑποδρηστῆρες
952 3925 1097 4009 ἐκείνων,

299 4021 381 4092 ἀλλὰ
402 4025 482 4107 νέοι,
504 4020 637 4108 χλαίνας
659 4023 694 4092 έὺ
715 4025 862 4108 νειμένοι
883 4022 943 4113 ήδέ
962 4029 1117 4109 χιτῶνας,

299 4124 367 4192 αίεὶ
390 4127 426 4194 δέ
447 4127 589 4217 λιπαροὶ
609 4126 756 4222 κεφαλὰς
769 4125 835 4192 ,καὶ
856 4128 941 4194 καλοὶ
963 4127 1131 4214 πρόσωπα

297 4227 333 4291 οἵ
352 4249 432 4316 σφιν
452 4226 684 4318 ὑποδρώωσιν·
707 4226 857 4309 ἐύξεσται
879 4227 917 4296 δέ
936 4229 1101 4318 τράπεζαι

331 4443 380 4493 295
397 4443 450 4511 βὰν
468 4446 499 4497 δὲ
518 4446 595 4516 παρὰ
613 4446 758 4521 Κρουνοὺς
775 4453 821 4503 καὶ
841 4451 970 4536 Χαλκίδα
988 4456 1215 4529 καλλιρέεθρον,
