3036 5234
267 381 332 446 308
633 381 675 428 τι.
713 375 1008 428 mmmm

265 532 376 612 τεῖδός
396 557 433 599 τε
453 531 600 617 μέτεθύς
621 557 658 598 τε
680 526 835 615 άμείνονα
854 530 944 617 θῆκε
963 523 1156 596 naman?

211 659 251 703 ιω
307 636 365 702 τδν
388 631 420 702 δ’
443 626 483 700 αὖ
505 632 661 723 Λαέρτης
682 629 888 716 πεπνυμένος
911 626 1022 697 άντίον
1042 625 1128 721 ηύδα

261 733 317 802 ιἐἰ
339 733 415 822 τάρ,
440 741 507 801 Ζεῦ
528 757 565 801 τε
586 733 692 822 πάτερ
714 732 773 798 καί
795 727 959 820 Ἀθηναίη
982 730 1040 797 καί
1060 727 1238 815 Ἄπολλον,

265 829 337 916 οἷος
358 833 504 926 Νήρικον
527 829 626 916 εἷλοά,
649 831 836 918 ἐυκτίμενον
857 830 1073 920 πτολίεθρον,

267 935 369 1028 άκτήν
390 935 560 1027 ἠπείροιο,
583 935 837 1026 Κεφαλλήνεσσι
857 932 1044 1015 τανύσσων,

265 1047 355 1121 τοῖος
376 1040 440 1108 ἐιύν
460 1065 514 1108 τοι
536 1039 657 1123 χθιζός
679 1038 713 1106 ἐν
733 1037 924 1128 ἡμετέροισι
948 1035 1115 1120 δόμοισιν,

211 1169 251 1210 ιω
264 1139 368 1225 τεύχε’
391 1137 472 1226 έχων
493 1139 649 1227 ὤμοισιν,
672 1140 894 1230 ἐφεστάμεναι
915 1139 972 1205 καὶ
996 1134 1132 1223 άμύνειν

265 1243 387 1332 άνδρας
407 1247 600 1334 μνηστῆρας.
644 1244 692 1332 τῷ
713 1267 751 1310 κε
772 1240 882 1331 σφέων
902 1237 1036 1308 τούνατ’
1058 1237 1159 1308 έλυσα

265 1347 397 1413 πολλῶν
419 1345 454 1413 έν
474 1345 667 1434 μετάρσιοι,
690 1346 729 1413 σύ
753 1344 790 1412 δέ
811 1342 933 1433 φρένας
954 1339 1047 1410 ένδον
1069 1340 1218 1433 ίάνθης.”

309 1440 355 1528 ὦς
376 1442 413 1515 οἳ
430 1446 489 1532 μέν
511 1450 651 1514 τοιαῦτα
673 1448 758 1536 πρὸς
780 1441 940 1535 ἀλλήλους
962 1441 1131 1534 άτόρευον·

264 1545 301 1616 οἳ
321 1545 352 1614 δ’
376 1547 452 1615 ἐπεὶ
475 1540 532 1614 οὖν
552 1546 725 1616 παύσαντο
746 1547 851 1615 πόνου
873 1545 1044 1613 τετύκοντό
1064 1571 1101 1614 τε
1123 1550 1236 1632 δαῖτα,

212 1675 251 1718 σεο
266 1647 371 1738 ἑξείης
393 1648 506 1730 ἕζοντο
526 1651 612 1716 κατά
633 1649 792 1733 κλισμούς
812 1674 849 1716 τε
870 1647 1012 1738 θρόνους
1032 1673 1077 1717 τε.

264 1749 337 1820 ἔνθ’
359 1749 396 1820 οἳ
411 1751 471 1837 μὲν
493 1749 618 1840 δείπνῳ
641 1750 842 1841 ἐπεχείρεον,
868 1747 1045 1835 άτχίμολον
1067 1751 1106 1818 δέ

265 1848 347 1943 ἦλθ’
371 1849 388 1921 ὁ
409 1853 511 1944 τέρων
533 1852 671 1935 Δολίος,
694 1855 752 1921 σύν
774 1851 805 1921 δ’
827 1851 910 1933 υἱεῖς
930 1857 1001 1920 τοῖο
1021 1851 1187 1943 τέροντος,

264 1955 301 2024 έκ
322 1955 446 2044 εέρτων
466 1955 655 2040 μοτέοντες,
677 1955 754 2024 ἐπεὶ
775 1957 991 2045 προμολοῦσα
1012 1954 1167 2023 κάλεσσεν

265 2057 371 2146 μήτηρ
393 2059 493 2146 τρηδς
512 2057 648 2146 Σικελή,
673 2056 695 2146 ή
717 2071 822 2146 σφεας
842 2055 943 2146 τρέφε
964 2054 1022 2123 καί
1043 2063 1085 2145 ῥα
1105 2055 1242 2143 τέροντα

211 2185 251 2226 σω
265 2159 422 2238 ἐνδυκέως
443 2149 632 2244 κομέεσκεν,
654 2157 730 2226 ἐπεὶ
752 2160 838 2225 κατά
859 2161 960 2248 κῆρας
983 2155 1138 2246 ἔμαρψεν.

265 2258 301 2328 οἳ
322 2257 355 2327 δ’
377 2258 423 2340 ὡς
446 2255 503 2328 οὖν
520 2257 663 2349 Ὀδυσῆα
683 2258 779 2328 τίδον
800 2259 992 2350 φράσσαντό
1013 2282 1050 2324 τε
1071 2262 1186 2348 θυμῷ,

264 2360 363 2430 έσταν
384 2362 433 2430 ἐνί
454 2363 628 2450 μετάρσιοι
649 2362 847 2453 τεθηπότες.
892 2359 996 2450 αύτάρ
1015 2357 1190 2442 Ὀδυσσεύς

263 2462 442 2549 μειλιχίοις
462 2465 620 2532 τεπέεσσι
642 2463 900 2548 καθαπτόμενος
922 2463 1144 2554 προσέτειπεν

260 2559 314 2632 “ὦ
334 2565 445 2654 τέρον,
468 2562 514 2647 λζ’
537 2565 596 2633 έπί
619 2566 766 2647 δεῖπνον,
790 2561 1069 2632 άπεκλελάθεσθε
1091 2565 1130 2631 δέ
1150 2563 1316 2652 θάμβευς·

210 2695 250 2736 σοι
266 2667 363 2757 δηρόν
384 2668 447 2753 τδρ
470 2663 552 2753 σίτῳ
576 2665 803 2754 ἐπιχειρήσειν
824 2667 996 2750 μεμαῶτες

263 2766 423 2851 μίμνομεν
445 2766 479 2833 ἐν
498 2766 669 2853 μετάροις,
691 2763 792 2850 ύμέας
814 2765 1051 2850 ποτιδέτμινοι
1074 2764 1172 2834 αίεί.”

306 2859 351 2946 ὧς
373 2864 426 2954 ἄρ’
451 2864 532 2955 έφη·
554 2866 678 2947 Δολίος
700 2863 731 2934 δ’
755 2865 834 2947 ἰθύς
855 2867 907 2934 κίε
927 2872 1013 2957 χεῖρε
1035 2869 1205 2951 πετάσσας

265 2963 468 3056 ἀμφοτέρας,
489 2964 641 3048 Ὀδυσεύς
663 2969 699 3036 δέ
722 2969 831 3056 λαβών
853 2968 931 3036 κύσε
952 2965 1034 3056 χεῖρ’
1056 2968 1115 3038 ε’πί
1136 2977 1270 3063 καρπῷ,

254 3067 323 3162 καί
343 3095 401 3152 μιν
423 3068 578 3158 φωνήσας
598 3069 704 3138 τέπεα
726 3071 906 3158 πτερόεντα
928 3071 1111 3160 προσηύδα.

208 3163 313 3241 κου”ὦ
335 3167 417 3261 φίλ’,
441 3171 517 3239 ἐπεὶ
538 3171 699 3261 νόστησας
720 3171 966 3256 ε’τελδομένοισι
985 3169 1063 3256 μάλ’
1083 3169 1160 3263 ἡμῖν

263 3269 334 3340 οὐδ’
357 3270 405 3340 ἔτ’
429 3269 626 3359 ὀιομένοισι,
648 3273 727 3343 θεοί
750 3272 787 3340 δέ
809 3271 840 3339 σ’
864 3269 1028 3362 άνήτατον
1049 3269 1159 3354 αὐτοί,

263 3370 338 3441 ούλέ
358 3399 395 3441 τε
416 3377 474 3442 καὶ
495 3375 587 3461 μάλα
608 3380 712 3462 χαῖρε,
735 3373 816 3442 θεοί
837 3373 875 3442 δέ
894 3399 948 3441 τοι
970 3369 1070 3460 δλβια
1093 3378 1190 3444 δοῖεν.

261 3472 320 3540 καί
339 3500 401 3560 μοι
422 3473 512 3542 τοῦτ’
535 3473 711 3566 άτύρευσον
733 3474 904 3564 ἐτήτυμον,
929 3471 1006 3564 ὄφρ’
1029 3475 1065 3544 ἒύ
1085 3480 1204 3561 εειδσῖ,

262 3569 285 3662 ἢ
304 3571 367 3663 ήδη
391 3574 484 3664 σάφα
504 3579 597 3644 τοῖδε
618 3575 788 3666 περίφρων
808 3576 1021 3668 Πηνελόπεια

208 3705 248 3746 ιω
261 3676 464 3765 νοστήσαντά
486 3699 524 3744 σε
546 3675 645 3766 δεῦρ’,
667 3671 689 3764 ή
711 3674 849 3746 άττελον
872 3676 1079 3769 ὀτρύνωμεν.”

302 3777 360 3844 τόν
383 3774 415 3845 δ’
438 3773 709 3864 άπαμειβόμενος
730 3781 889 3870 προσέφη
906 3782 1091 3871 πολύμητις
1108 3778 1281 3863 Ὀδυσσεύς

255 3871 307 3946 “ιύ
329 3879 433 3968 τέρον,
457 3877 521 3970 ήδη
543 3883 651 3949 τοῖδε·
672 3879 708 3948 τί
729 3906 766 3949 σε
787 3883 847 3970 χρή
870 3883 973 3948 ταῦτα
996 3880 1202 3964 πένεσθαι,·”
1251 3894 1254 3896 ’

302 3971 347 4062 ὦς
368 3980 468 4074 φάθ’,
492 3977 512 4050 δ
535 3979 567 4049 δ’
592 3977 685 4064 αὖτις
707 3981 762 4074 ἄρ’
786 3979 870 4064 ἕζετ’
893 3983 1043 4064 ἐυξέστσυ
1066 3983 1125 4053 ἐπὶ
1149 3983 1278 4077 δίφρου.

259 4075 305 4161 ὥς
327 4081 359 4150 δ’
384 4082 489 4165 αὐτοῖς
511 4088 630 4166 παῖδες
650 4085 774 4154 Δολίου
796 4087 912 4153 κλυτόν
934 4082 1021 4177 ἀμφ’
1039 4085 1183 4177 Ὀδυσῆα

205 4211 245 4250 ιω
261 4184 477 4253 δεικανόωντο
497 4186 641 4255 τέπεσσι
661 4191 719 4254 καὶ
741 4185 776 4254 ἐν
795 4185 942 4272 χείρεσσι
964 4187 1098 4278 φύοντο,

258 4277 364 4371 ἑξείης
386 4281 417 4349 δ’
440 4283 550 4365 έζοντο
571 4289 680 4375 παραὶ
702 4284 824 4355 Δολίον
845 4287 975 4376 πατέρα
997 4289 1091 4380 σφόν.

300 4374 344 4461 ὦς
367 4379 404 4450 οἳ
420 4385 479 4467 μέν
501 4388 580 4472 περὶ
604 4390 737 4455 δεῖπνον
758 4387 806 4455 ἐνὶ
827 4388 1004 4479 μετάρσιοι
1026 4391 1180 4461 πένοντο·

255 4483 361 4552 τόσσα
406 4483 415 4508 ’
438 4482 491 4575 άρ’
515 4484 651 4568 άττελος
673 4485 742 4558 ὦκα
764 4492 849 4560 κατά
869 4491 989 4559 πτόλιν
1011 4489 1115 4582 η’ίχετο
1137 4494 1260 4588 πάντη,
