3044 5232
532 341 572 388 19.
611 337 865 392 ΟΔῬΣΣΕΙΑΣ
886 341 910 389 Τ

160 489 317 558 πλείοσιν
338 483 361 578 ῆ
382 487 516 576 ἔχομαι·
539 485 646 580 ήτάρ
669 491 758 582 δίκη,
783 487 915 558 ὁππότε
937 490 1066 580 πάτρης

158 595 222 681 τῆς
244 588 386 682 ἀπέῃσιν
407 589 486 682 ἀνήρ
508 591 630 660 τόσσον
651 594 765 682 χρόνον
788 591 886 662 ὅσσον
908 593 974 660 έτῶ
996 595 1064 675 νῦν,

105 723 144 762 ιω
159 695 273 761 πολλὰ
294 701 421 782 βροτῶν
444 694 504 762 ἐπὶ
524 692 639 762 τάστδ
663 693 841 780 ἀλῶμενος,
866 691 968 762 ἀλτεα
989 695 1134 778 πάσχων.

159 793 323 886 ἀλλὰκαὶ
346 788 391 875 ιῖς
410 795 513 884 τερέω
537 794 556 862 ό
577 795 614 882 μ’
638 795 786 884 ἀνείρεαι
807 795 869 886 ήδέ
890 798 1063 886 μεταλλᾷς.

159 897 276 987 Κρήτη
299 923 351 978 τις
371 895 439 964 παῖ’
464 896 549 979 ἔστι,
573 897 664 987 μέσῳ
688 899 737 967 ένλ
754 897 894 966 ’τοίνοπι
918 897 1043 985 πόντῳ,

161 1000 246 1088 καλή
268 999 326 1064 καὶ
347 997 477 1088 πίειρα,
501 998 707 1088 περίρρυτος·
731 999 764 1066 έν
787 997 820 1065 δ’
844 995 1022 1087 ἀνθρωποι

161 1099 299 1181 πολλοί,
322 1097 526 1188 ἀπειρέσιοι,
549 1102 608 1168 καὶ
630 1101 802 1192 ἐννήκοντα
824 1101 958 1190 πόληες,

107 1229 147 1270 ιιι
162 1198 245 1290 άλλη
270 1197 303 1267 δ’
327 1199 433 1268 ἀλλων
454 1203 588 1270 τλῶσσα
609 1204 809 1293 μεμιτμένη·
832 1203 865 1270 έν
886 1202 945 1287 μέν
969 1199 1114 1286 Ἀχαιοί,

160 1304 197 1371 έν
220 1301 253 1370 δ’
272 1299 476 1394 Ἐτεόκρητες
497 1306 730 1394 μεταλήτορες,
754 1305 787 1372 έν
809 1303 847 1370 δὲ
869 1303 1021 1384 Κύδωνες

162 1405 313 1493 Δωριέες
333 1429 369 1471 τε
390 1405 557 1495 τριχάικες
580 1406 651 1473 δῖοί
670 1431 706 1473 τε
727 1405 904 1474 Πελαστοί.

161 1514 241 1597 τῇσι
264 1503 295 1572 δ’
319 1503 367 1574 ἔνι
389 1509 526 1586 Κνωσός
543 1509 672 1598 μετάλη
695 1507 809 1589 πόλις,
835 1505 921 1574 ἔνθα
942 1533 977 1574 τε
1000 1507 1119 1589 Μίνως

162 1608 319 1695 ἐννέωρος
339 1609 494 1694 βασίλευε
516 1609 602 1688 Διὸς
623 1609 767 1693 μεν-άλου
789 1609 978 1697 τοαριστής,

108 1742 148 1782 τεο
162 1711 291 1797 πατρός
312 1707 405 1796 έμοῖο
427 1711 550 1799 πατήρ,
573 1706 768 1796 μεταθύμσυ
791 1708 1028 1790 Δευκαλίωνος.

162 1809 357 1880 Δευκαλίων
380 1809 412 1879 δ>
435 1809 486 1898 ἔμ’
510 1809 617 1879 ἔτικτε
638 1815 695 1879 καὶ
714 1809 883 1901 Ἰδομενῆα
904 1811 1065 1878 τάνακτα·

162 1911 236 1981 ἀλλ’
262 1907 280 1982 ὃ
302 1913 361 1998 μέν
383 1913 417 1981 ἒν
438 1914 552 2002 νήεσσι
574 1912 731 2002 κορωνίσι
753 1912 868 1980 Κίλιον
890 1910 971 1980 εἴσω

164 2013 268 2104 ᾤχεθ’
294 2013 351 2100 ἀμ’
374 2013 595 2104 Ἀτρεΐδῃσιν,
620 2015 695 2100 ἐμοὶ
720 2012 752 2081 δ’
776 2011 879 2099 όνομα
901 2015 1018 2082 κλυτὸν
1037 2011 1180 2099 Α’ίθων,

163 2117 347 2205 ὁπλότερος
366 2120 474 2206 τενεῇ·
498 2113 518 2184 δ
540 2115 572 2183 δ’
596 2113 661 2204 ἀρα
682 2117 844 2205 πρότερος
860 2116 922 2183 »καὶ
945 2113 1072 2203 ἀρείων.

109 2252 148 2292 ιετ
162 2217 238 2288 ἔνθ)
256 2216 400 2308 Ὀδυσῆα
422 2215 487 2286 έτιδ
507 2218 649 2308 ειδόμην
669 2219 728 2286 καὶ
750 2215 845 2298 ξείνι’
869 2215 985 2284 έδωκα.

162 2323 220 2389 καὶ
242 2323 305 2410 τάρ
327 2323 384 2390 τόν
406 2320 577 2410 Κρήτηνδε
598 2320 763 2410 κατήτατε
784 2320 837 2400 τίς
859 2316 1006 2404 ἀνέμοιο,

161 2423 312 2508 τιέμενον
338 2422 495 2513 Τροίηνδε
517 2422 788 2511 παραπλάτξασα
811 2424 988 2489 Μαλειῶν·

163 2528 265 2615 στῆσε
288 2522 318 2590 δ’
342 2524 377 2592 ἒν
398 2513 560 2613 Ἀμνισῷ,
585 2522 648 2592 όθι
669 2547 705 2591 τε
727 2524 831 2604 σπέος
852 2522 1063 2610 Εἰλειθυίης,

163 2627 197 2694 έν
218 2627 351 2711 λιμέσιν
371 2623 560 2710 χαλεποῖσι,
583 2626 682 2711 μότις
705 2623 735 2692 δ’
759 2623 923 2706 ὑπάλυξεν
946 2620 1072 2702 ἀέλλας.

112 2761 150 2800 ιω
164 2725 285 2796 αάτίκα
308 2725 341 2794 δ’
360 2725 529 2818 Ἰδομενῆα
549 2727 696 2814 μετάλλα
717 2722 856 2792 τάστυδ
880 2721 1044 2792 ἀνελθών·

163 2831 266 2910 ξεῖνον
286 2828 350 2918 τάρ
372 2855 429 2898 ι-ὀι
451 2826 696 2919 ἔφασκεφίλον
717 2825 749 2894 τ’
773 2825 849 2912 έμεν
872 2825 1000 2894 αἰδοῖόν
1020 2849 1065 2893 τε.

161 2934 209 3020 τῷ
232 2927 263 2997 δ’
286 2927 351 3020 ῆδη
375 2931 493 3020 δεκάτη
517 2926 539 3020 ἢ
562 2928 715 3020 ἑνδεκάτη
738 2929 837 2997 πέλεν
858 2925 926 3019 ήῶς

164 3031 326 3120 οἰχομένῳ
349 3033 407 3100 σύν
427 3034 521 3120 νηυσὶ
543 3034 699 3119 κορωνίσι
722 3029 837 3100 Βίλιον
859 3029 949 3099 εἴσω.

162 3134 301 3218 τὸνμὲν
323 3133 387 3200 έτῶ
410 3131 646 3223 πρὸς-δώματ’
669 3131 758 3201 άτων
780 3133 814 3201 ἒό
837 3124 1015 3214 ἐξείνισσα,

114 3269 150 3308 ιω
164 3235 324 3314 ἐνδυκέως
346 3235 482 3324 φιλέων,
506 3237 638 3302 πολλῶν
659 3237 742 3302 κατὰ
764 3239 877 3301 εοῖκσν
898 3233 1030 3301 έόντων·

163 3336 221 3404 καὶ
243 3342 299 3404 ποῖ
319 3341 388 3416 τοῖς
409 3333 441 3402 τ’
466 3334 582 3416 ἀλλοις
602 3333 748 3424 ἑτάροις,
772 3333 809 3404 οἳ
830 3333 888 3420 ἀμ’
913 3333 1002 3422 αὐτῷ
1025 3333 1159 3416 ἕποντο,

164 3437 315 3528 δημόθεν
337 3433 450 3527 ἀλφιτ’
475 3435 584 3504 ἔδωκα
606 3437 664 3504 καὶ
687 3433 822 3504 αἴθοπα
843 3439 953 3503 τοῖνσν
976 3432 1110 3524 ἀτείρας
1141 3455 1143 3458 ·

166 3540 225 3607 καὶ
246 3541 326 3626 βοῦς
349 3536 564 3629 ἱρεύσασθαι,
588 3542 643 3606 ἵνα
665 3539 853 3628 πλησαίατο
875 3536 993 3622 θυμόν.

166 3638 251 3709 ἔνθα
274 3641 423 3707 δυώδεκα
444 3641 505 3725 μέν
526 3640 622 3725 μένον
643 3637 754 3730 ῆματα
776 3643 845 3707 δῖοι
869 3638 1016 3722 Ἀχαιοί·

113 3775 152 3816 200
166 3741 271 3809 εείλει
292 3742 355 3830 τὰρ
379 3741 507 3831 Βορέης
529 3737 649 3826 ἀνεμσς
670 3742 785 3826 μένας,
810 3737 881 3808 οὐδ’
905 3741 964 3808 έπλ
985 3739 1064 3832 ταίῃ

167 3843 223 3912 εἰἀ
244 3845 424 3924 ἵστασθαι,
447 3843 592 3927 χαλεπὸς
614 3842 652 3910 δέ
672 3868 725 3922 τις
747 3839 848 3933 ῶρορε
870 3841 1013 3926 δαίμων·

165 3949 207 4036 τῇ
229 3943 485 4034 τρισκαιδεκάτῃ
510 3941 542 4010 δ’
566 3941 683 4028 άνεμος
703 3944 798 4024 πέσε,
821 3943 875 4010 τοὶ
899 3940 930 4008 δ’
953 3936 1140 4008 ἀνάτοντο.”

211 4045 307 4114 τίσκε
328 4046 456 4136 ψεύδεα
478 4047 589 4114 πολλά
610 4046 714 4114 λέτων
735 4043 907 4128 ἐτύμοισιν
930 4041 1046 4125 ὁμοῖα·

167 4151 226 4238 τῆς
249 4145 282 4215 δ’
305 4145 360 4235 ἀρ’
384 4145 566 4236 ἀκουούσης
587 4147 640 4236 ῥέε
662 4146 803 4231 δάκρυα,
826 4142 944 4230 τήκετο
963 4141 1004 4206 «δέ
1025 4139 1118 4228 χρῶς.

114 4281 154 4321 ιω
168 4249 214 4329 ῶς
236 4250 274 4317 δέ
295 4250 375 4331 χιῶν
395 4245 591 4339 κατατήκετ’
614 4247 648 4314 έν
671 4241 910 4331 ἀκροπόλοισιν
933 4238 1075 4330 όρεσσιν,

168 4351 207 4442 ήν
228 4349 260 4418 τ>
283 4343 389 4439 Εὖρος
409 4350 581 4440 κατέτηξεν
603 4348 686 4436 έπήν
708 4343 858 4434 Ζέφυρος
879 4343 1056 4434 καταχεύῃ·

168 4452 348 4543 τηκομένης
370 4449 401 4518 δ’
425 4449 490 4540 ἀρα
511 4454 569 4540 τῆς
591 4447 739 4533 ποταμοὶ
762 4448 936 4536 πλήθουσι
959 4449 1098 4536 ῥέοντες·
